,Ciudad,lat,lon,DATE,sales
0,acacias,41.667045,-91.541691,2014-02,1
1,acacias,41.667045,-91.541691,2015-04,1
2,acacias,41.667045,-91.541691,2015-07,1
3,acacias,41.667045,-91.541691,2015-12,1
4,acacias,41.667045,-91.541691,2016-07,1
5,acacias,41.667045,-91.541691,2017-02,1
6,acacias,41.667045,-91.541691,2017-10,1
7,acacias,41.667045,-91.541691,2018-09,1
8,acopi yumbo,3.4974589,-76.50835620000001,2019-01,1
9,aguachica,8.309745900000001,-73.61448709999998,2011-04,1
10,aguachica,8.309745900000001,-73.61448709999998,2011-07,1
11,aguachica,8.309745900000001,-73.61448709999998,2011-08,1
12,aguachica,8.309745900000001,-73.61448709999998,2011-09,2
13,aguachica,8.309745900000001,-73.61448709999998,2011-10,2
14,aguachica,8.309745900000001,-73.61448709999998,2011-11,2
15,aguachica,8.309745900000001,-73.61448709999998,2012-01,2
16,aguachica,8.309745900000001,-73.61448709999998,2012-05,1
17,aguachica,8.309745900000001,-73.61448709999998,2012-07,1
18,aguachica,8.309745900000001,-73.61448709999998,2012-11,2
19,aguachica,8.309745900000001,-73.61448709999998,2013-02,1
20,aguachica,8.309745900000001,-73.61448709999998,2013-03,1
21,aguachica,8.309745900000001,-73.61448709999998,2013-04,1
22,aguachica,8.309745900000001,-73.61448709999998,2013-05,1
23,aguachica,8.309745900000001,-73.61448709999998,2013-06,2
24,aguachica,8.309745900000001,-73.61448709999998,2013-08,1
25,aguachica,8.309745900000001,-73.61448709999998,2014-02,1
26,aguachica,8.309745900000001,-73.61448709999998,2014-08,1
27,aguachica,8.309745900000001,-73.61448709999998,2015-01,1
28,aguachica,8.309745900000001,-73.61448709999998,2015-02,1
29,aguachica,8.309745900000001,-73.61448709999998,2015-04,1
30,aguachica,8.309745900000001,-73.61448709999998,2015-12,1
31,aguachica,8.309745900000001,-73.61448709999998,2016-01,1
32,aguachica,8.309745900000001,-73.61448709999998,2016-04,1
33,aguachica,8.309745900000001,-73.61448709999998,2016-06,2
34,aguachica,8.309745900000001,-73.61448709999998,2017-06,1
35,aguachica,8.309745900000001,-73.61448709999998,2018-08,2
36,aguachica,8.309745900000001,-73.61448709999998,2018-09,1
37,aguachica,8.309745900000001,-73.61448709999998,2019-06,1
38,aguadas,5.6135737,-75.45751369999998,2018-08,1
39,agustn codazzi,10.037216099999998,-73.22841120000001,2011-08,1
40,amaga,6.0371130000000015,-75.702277,2015-06,2
41,andes,-21.1607667,-66.7752471,2019-05,1
42,anserma,5.242598,-75.78183100000001,2019-09,1
43,apartado,7.882760999999999,-76.62469200000001,2010-12,1
44,apartado,7.882760999999999,-76.62469200000001,2011-12,1
45,apartado,7.882760999999999,-76.62469200000001,2012-02,1
46,apartado,7.882760999999999,-76.62469200000001,2014-06,1
47,apartado,7.882760999999999,-76.62469200000001,2015-03,1
48,apartado,7.882760999999999,-76.62469200000001,2015-05,1
49,apartado,7.882760999999999,-76.62469200000001,2016-03,1
50,apartado,7.882760999999999,-76.62469200000001,2016-12,1
51,apartado,7.882760999999999,-76.62469200000001,2017-08,1
52,arauca,6.547306,-71.0022311,2010-04,1
53,arauca,6.547306,-71.0022311,2010-06,1
54,arauca,6.547306,-71.0022311,2010-12,1
55,arauca,6.547306,-71.0022311,2011-02,1
56,arauca,6.547306,-71.0022311,2011-04,1
57,arauca,6.547306,-71.0022311,2011-05,4
58,arauca,6.547306,-71.0022311,2011-07,1
59,arauca,6.547306,-71.0022311,2011-08,1
60,arauca,6.547306,-71.0022311,2011-11,1
61,arauca,6.547306,-71.0022311,2012-05,1
62,arauca,6.547306,-71.0022311,2013-02,2
63,arauca,6.547306,-71.0022311,2013-05,4
64,arauca,6.547306,-71.0022311,2013-07,1
65,arauca,6.547306,-71.0022311,2013-10,1
66,arauca,6.547306,-71.0022311,2013-11,2
67,arauca,6.547306,-71.0022311,2014-07,1
68,arauca,6.547306,-71.0022311,2014-10,3
69,arauca,6.547306,-71.0022311,2014-12,1
70,arauca,6.547306,-71.0022311,2015-04,1
71,arauca,6.547306,-71.0022311,2015-06,1
72,arauca,6.547306,-71.0022311,2015-10,1
73,arauca,6.547306,-71.0022311,2015-11,1
74,arauca,6.547306,-71.0022311,2016-06,1
75,arauca,6.547306,-71.0022311,2016-12,1
76,arauca,6.547306,-71.0022311,2017-03,1
77,arauca,6.547306,-71.0022311,2017-06,1
78,arauca,6.547306,-71.0022311,2017-07,1
79,arauca,6.547306,-71.0022311,2017-09,1
80,arauca,6.547306,-71.0022311,2017-11,1
81,arauca,6.547306,-71.0022311,2017-12,1
82,arauca,6.547306,-71.0022311,2018-03,1
83,arauca,6.547306,-71.0022311,2018-12,2
84,arauca,6.547306,-71.0022311,2019-03,1
85,arauca,6.547306,-71.0022311,2019-11,1
86,arauca,6.547306,-71.0022311,2020-02,1
87,armenia,40.069099,45.038189,2010-06,1
88,armenia,40.069099,45.038189,2010-07,1
89,armenia,40.069099,45.038189,2011-03,1
90,armenia,40.069099,45.038189,2012-02,1
91,armenia,40.069099,45.038189,2012-04,1
92,armenia,40.069099,45.038189,2012-06,1
93,armenia,40.069099,45.038189,2012-07,1
94,armenia,40.069099,45.038189,2012-08,1
95,armenia,40.069099,45.038189,2012-10,1
96,armenia,40.069099,45.038189,2012-11,1
97,armenia,40.069099,45.038189,2012-12,1
98,armenia,40.069099,45.038189,2013-03,1
99,armenia,40.069099,45.038189,2013-08,1
100,armenia,40.069099,45.038189,2013-09,1
101,armenia,40.069099,45.038189,2014-01,2
102,armenia,40.069099,45.038189,2014-02,2
103,armenia,40.069099,45.038189,2014-03,1
104,armenia,40.069099,45.038189,2014-09,1
105,armenia,40.069099,45.038189,2015-02,1
106,armenia,40.069099,45.038189,2015-04,2
107,armenia,40.069099,45.038189,2015-07,1
108,armenia,40.069099,45.038189,2015-11,1
109,armenia,40.069099,45.038189,2016-10,2
110,armenia,40.069099,45.038189,2017-02,1
111,armenia,40.069099,45.038189,2017-06,1
112,armenia,40.069099,45.038189,2018-04,1
113,armenia,40.069099,45.038189,2018-09,1
114,armenia,40.069099,45.038189,2018-10,1
115,armenia,40.069099,45.038189,2018-11,1
116,armenia,40.069099,45.038189,2018-12,1
117,armenia,40.069099,45.038189,2019-05,3
118,armenia,40.069099,45.038189,2019-07,2
119,armenia,40.069099,45.038189,2019-09,1
120,atlanta ga,33.7489954,-84.3879824,2013-02,1
121,atlanta ga,33.7489954,-84.3879824,2013-09,1
122,atlanta ga,33.7489954,-84.3879824,2014-03,1
123,atlanta ga,33.7489954,-84.3879824,2014-11,1
124,b,37.0455042,-95.6292615,2020-06,1
125,baranoa br  de julio,40.4230426,-3.6983431,2020-08,1
126,baranquilla,11.004107199999998,-74.80698129999998,2019-08,1
127,barbosa,39.7792323,-94.7813071,2011-07,1
128,barbosa,39.7792323,-94.7813071,2011-08,1
129,barbosa,39.7792323,-94.7813071,2013-02,1
130,barbosa,39.7792323,-94.7813071,2013-04,1
131,barbosa,39.7792323,-94.7813071,2014-03,1
132,barbosa,39.7792323,-94.7813071,2016-02,1
133,barbosa,39.7792323,-94.7813071,2016-04,1
134,barbosa,39.7792323,-94.7813071,2016-09,1
135,barbosa,39.7792323,-94.7813071,2017-06,1
136,barbosa,39.7792323,-94.7813071,2017-10,1
137,barrancabermeja,7.061708500000001,-73.8519319,2010-07,1
138,barrancabermeja,7.061708500000001,-73.8519319,2010-08,1
139,barrancabermeja,7.061708500000001,-73.8519319,2010-09,1
140,barrancabermeja,7.061708500000001,-73.8519319,2010-10,1
141,barrancabermeja,7.061708500000001,-73.8519319,2010-11,1
142,barrancabermeja,7.061708500000001,-73.8519319,2011-01,1
143,barrancabermeja,7.061708500000001,-73.8519319,2011-02,1
144,barrancabermeja,7.061708500000001,-73.8519319,2011-04,1
145,barrancabermeja,7.061708500000001,-73.8519319,2011-05,2
146,barrancabermeja,7.061708500000001,-73.8519319,2011-06,3
147,barrancabermeja,7.061708500000001,-73.8519319,2011-07,1
148,barrancabermeja,7.061708500000001,-73.8519319,2011-09,2
149,barrancabermeja,7.061708500000001,-73.8519319,2011-10,1
150,barrancabermeja,7.061708500000001,-73.8519319,2011-11,2
151,barrancabermeja,7.061708500000001,-73.8519319,2011-12,2
152,barrancabermeja,7.061708500000001,-73.8519319,2012-01,2
153,barrancabermeja,7.061708500000001,-73.8519319,2012-02,2
154,barrancabermeja,7.061708500000001,-73.8519319,2012-05,1
155,barrancabermeja,7.061708500000001,-73.8519319,2012-06,1
156,barrancabermeja,7.061708500000001,-73.8519319,2012-08,2
157,barrancabermeja,7.061708500000001,-73.8519319,2012-11,1
158,barrancabermeja,7.061708500000001,-73.8519319,2013-03,1
159,barrancabermeja,7.061708500000001,-73.8519319,2013-04,2
160,barrancabermeja,7.061708500000001,-73.8519319,2013-05,1
161,barrancabermeja,7.061708500000001,-73.8519319,2013-06,1
162,barrancabermeja,7.061708500000001,-73.8519319,2013-07,1
163,barrancabermeja,7.061708500000001,-73.8519319,2013-08,2
164,barrancabermeja,7.061708500000001,-73.8519319,2013-09,1
165,barrancabermeja,7.061708500000001,-73.8519319,2013-10,2
166,barrancabermeja,7.061708500000001,-73.8519319,2013-11,1
167,barrancabermeja,7.061708500000001,-73.8519319,2014-01,1
168,barrancabermeja,7.061708500000001,-73.8519319,2014-02,1
169,barrancabermeja,7.061708500000001,-73.8519319,2014-04,2
170,barrancabermeja,7.061708500000001,-73.8519319,2014-06,2
171,barrancabermeja,7.061708500000001,-73.8519319,2014-07,1
172,barrancabermeja,7.061708500000001,-73.8519319,2014-10,1
173,barrancabermeja,7.061708500000001,-73.8519319,2014-11,2
174,barrancabermeja,7.061708500000001,-73.8519319,2014-12,1
175,barrancabermeja,7.061708500000001,-73.8519319,2015-02,1
176,barrancabermeja,7.061708500000001,-73.8519319,2015-06,1
177,barrancabermeja,7.061708500000001,-73.8519319,2015-07,2
178,barrancabermeja,7.061708500000001,-73.8519319,2015-08,2
179,barrancabermeja,7.061708500000001,-73.8519319,2015-09,1
180,barrancabermeja,7.061708500000001,-73.8519319,2015-11,1
181,barrancabermeja,7.061708500000001,-73.8519319,2016-01,1
182,barrancabermeja,7.061708500000001,-73.8519319,2016-02,2
183,barrancabermeja,7.061708500000001,-73.8519319,2016-04,1
184,barrancabermeja,7.061708500000001,-73.8519319,2016-05,3
185,barrancabermeja,7.061708500000001,-73.8519319,2016-06,1
186,barrancabermeja,7.061708500000001,-73.8519319,2016-07,1
187,barrancabermeja,7.061708500000001,-73.8519319,2018-11,1
188,barrancabermeja,7.061708500000001,-73.8519319,2018-12,1
189,barrancabermeja,7.061708500000001,-73.8519319,2019-01,1
190,barrancabermeja,7.061708500000001,-73.8519319,2019-05,2
191,barrancabermeja,7.061708500000001,-73.8519319,2019-06,1
192,barrancabermeja,7.061708500000001,-73.8519319,2019-11,1
193,barrancabermeja,7.061708500000001,-73.8519319,2019-12,1
194,barrancabermeja,7.061708500000001,-73.8519319,2020-07,3
195,barrancabermeja,7.061708500000001,-73.8519319,2020-10,2
196,barranquilla,11.004107199999998,-74.80698129999998,2010-01,1
197,barranquilla,11.004107199999998,-74.80698129999998,2010-03,3
198,barranquilla,11.004107199999998,-74.80698129999998,2010-04,4
199,barranquilla,11.004107199999998,-74.80698129999998,2010-06,2
200,barranquilla,11.004107199999998,-74.80698129999998,2010-07,10
201,barranquilla,11.004107199999998,-74.80698129999998,2010-08,2
202,barranquilla,11.004107199999998,-74.80698129999998,2010-09,4
203,barranquilla,11.004107199999998,-74.80698129999998,2010-10,5
204,barranquilla,11.004107199999998,-74.80698129999998,2010-11,6
205,barranquilla,11.004107199999998,-74.80698129999998,2010-12,3
206,barranquilla,11.004107199999998,-74.80698129999998,2011-01,3
207,barranquilla,11.004107199999998,-74.80698129999998,2011-02,4
208,barranquilla,11.004107199999998,-74.80698129999998,2011-03,10
209,barranquilla,11.004107199999998,-74.80698129999998,2011-04,5
210,barranquilla,11.004107199999998,-74.80698129999998,2011-05,11
211,barranquilla,11.004107199999998,-74.80698129999998,2011-06,9
212,barranquilla,11.004107199999998,-74.80698129999998,2011-07,9
213,barranquilla,11.004107199999998,-74.80698129999998,2011-08,6
214,barranquilla,11.004107199999998,-74.80698129999998,2011-09,6
215,barranquilla,11.004107199999998,-74.80698129999998,2011-10,2
216,barranquilla,11.004107199999998,-74.80698129999998,2011-11,7
217,barranquilla,11.004107199999998,-74.80698129999998,2011-12,10
218,barranquilla,11.004107199999998,-74.80698129999998,2012-01,9
219,barranquilla,11.004107199999998,-74.80698129999998,2012-02,5
220,barranquilla,11.004107199999998,-74.80698129999998,2012-03,9
221,barranquilla,11.004107199999998,-74.80698129999998,2012-04,3
222,barranquilla,11.004107199999998,-74.80698129999998,2012-05,8
223,barranquilla,11.004107199999998,-74.80698129999998,2012-06,5
224,barranquilla,11.004107199999998,-74.80698129999998,2012-07,1
225,barranquilla,11.004107199999998,-74.80698129999998,2012-08,5
226,barranquilla,11.004107199999998,-74.80698129999998,2012-09,1
227,barranquilla,11.004107199999998,-74.80698129999998,2012-10,3
228,barranquilla,11.004107199999998,-74.80698129999998,2012-11,8
229,barranquilla,11.004107199999998,-74.80698129999998,2012-12,4
230,barranquilla,11.004107199999998,-74.80698129999998,2013-01,3
231,barranquilla,11.004107199999998,-74.80698129999998,2013-02,1
232,barranquilla,11.004107199999998,-74.80698129999998,2013-03,4
233,barranquilla,11.004107199999998,-74.80698129999998,2013-04,6
234,barranquilla,11.004107199999998,-74.80698129999998,2013-05,3
235,barranquilla,11.004107199999998,-74.80698129999998,2013-06,6
236,barranquilla,11.004107199999998,-74.80698129999998,2013-07,7
237,barranquilla,11.004107199999998,-74.80698129999998,2013-08,6
238,barranquilla,11.004107199999998,-74.80698129999998,2013-09,6
239,barranquilla,11.004107199999998,-74.80698129999998,2013-10,5
240,barranquilla,11.004107199999998,-74.80698129999998,2013-11,7
241,barranquilla,11.004107199999998,-74.80698129999998,2013-12,6
242,barranquilla,11.004107199999998,-74.80698129999998,2014-01,5
243,barranquilla,11.004107199999998,-74.80698129999998,2014-02,5
244,barranquilla,11.004107199999998,-74.80698129999998,2014-03,2
245,barranquilla,11.004107199999998,-74.80698129999998,2014-04,2
246,barranquilla,11.004107199999998,-74.80698129999998,2014-06,3
247,barranquilla,11.004107199999998,-74.80698129999998,2014-07,3
248,barranquilla,11.004107199999998,-74.80698129999998,2014-08,2
249,barranquilla,11.004107199999998,-74.80698129999998,2014-09,3
250,barranquilla,11.004107199999998,-74.80698129999998,2014-10,4
251,barranquilla,11.004107199999998,-74.80698129999998,2014-11,4
252,barranquilla,11.004107199999998,-74.80698129999998,2014-12,5
253,barranquilla,11.004107199999998,-74.80698129999998,2015-01,4
254,barranquilla,11.004107199999998,-74.80698129999998,2015-02,4
255,barranquilla,11.004107199999998,-74.80698129999998,2015-03,5
256,barranquilla,11.004107199999998,-74.80698129999998,2015-04,11
257,barranquilla,11.004107199999998,-74.80698129999998,2015-05,2
258,barranquilla,11.004107199999998,-74.80698129999998,2015-06,3
259,barranquilla,11.004107199999998,-74.80698129999998,2015-07,5
260,barranquilla,11.004107199999998,-74.80698129999998,2015-08,6
261,barranquilla,11.004107199999998,-74.80698129999998,2015-09,3
262,barranquilla,11.004107199999998,-74.80698129999998,2015-10,3
263,barranquilla,11.004107199999998,-74.80698129999998,2015-11,3
264,barranquilla,11.004107199999998,-74.80698129999998,2015-12,1
265,barranquilla,11.004107199999998,-74.80698129999998,2016-01,2
266,barranquilla,11.004107199999998,-74.80698129999998,2016-02,4
267,barranquilla,11.004107199999998,-74.80698129999998,2016-03,1
268,barranquilla,11.004107199999998,-74.80698129999998,2016-04,4
269,barranquilla,11.004107199999998,-74.80698129999998,2016-05,3
270,barranquilla,11.004107199999998,-74.80698129999998,2016-06,6
271,barranquilla,11.004107199999998,-74.80698129999998,2016-07,1
272,barranquilla,11.004107199999998,-74.80698129999998,2016-08,2
273,barranquilla,11.004107199999998,-74.80698129999998,2016-09,1
274,barranquilla,11.004107199999998,-74.80698129999998,2016-10,3
275,barranquilla,11.004107199999998,-74.80698129999998,2016-11,4
276,barranquilla,11.004107199999998,-74.80698129999998,2016-12,4
277,barranquilla,11.004107199999998,-74.80698129999998,2017-01,3
278,barranquilla,11.004107199999998,-74.80698129999998,2017-02,3
279,barranquilla,11.004107199999998,-74.80698129999998,2017-03,3
280,barranquilla,11.004107199999998,-74.80698129999998,2017-05,2
281,barranquilla,11.004107199999998,-74.80698129999998,2017-06,4
282,barranquilla,11.004107199999998,-74.80698129999998,2017-07,1
283,barranquilla,11.004107199999998,-74.80698129999998,2017-09,4
284,barranquilla,11.004107199999998,-74.80698129999998,2017-10,7
285,barranquilla,11.004107199999998,-74.80698129999998,2017-11,3
286,barranquilla,11.004107199999998,-74.80698129999998,2017-12,4
287,barranquilla,11.004107199999998,-74.80698129999998,2018-01,5
288,barranquilla,11.004107199999998,-74.80698129999998,2018-02,1
289,barranquilla,11.004107199999998,-74.80698129999998,2018-03,1
290,barranquilla,11.004107199999998,-74.80698129999998,2018-04,5
291,barranquilla,11.004107199999998,-74.80698129999998,2018-05,4
292,barranquilla,11.004107199999998,-74.80698129999998,2018-06,12
293,barranquilla,11.004107199999998,-74.80698129999998,2018-07,7
294,barranquilla,11.004107199999998,-74.80698129999998,2018-08,5
295,barranquilla,11.004107199999998,-74.80698129999998,2018-09,8
296,barranquilla,11.004107199999998,-74.80698129999998,2018-10,2
297,barranquilla,11.004107199999998,-74.80698129999998,2018-11,4
298,barranquilla,11.004107199999998,-74.80698129999998,2018-12,4
299,barranquilla,11.004107199999998,-74.80698129999998,2019-01,4
300,barranquilla,11.004107199999998,-74.80698129999998,2019-02,7
301,barranquilla,11.004107199999998,-74.80698129999998,2019-03,4
302,barranquilla,11.004107199999998,-74.80698129999998,2019-04,3
303,barranquilla,11.004107199999998,-74.80698129999998,2019-05,5
304,barranquilla,11.004107199999998,-74.80698129999998,2019-06,5
305,barranquilla,11.004107199999998,-74.80698129999998,2019-07,10
306,barranquilla,11.004107199999998,-74.80698129999998,2019-08,4
307,barranquilla,11.004107199999998,-74.80698129999998,2019-09,4
308,barranquilla,11.004107199999998,-74.80698129999998,2019-10,7
309,barranquilla,11.004107199999998,-74.80698129999998,2019-11,6
310,barranquilla,11.004107199999998,-74.80698129999998,2019-12,3
311,barranquilla,11.004107199999998,-74.80698129999998,2020-01,2
312,barranquilla,11.004107199999998,-74.80698129999998,2020-03,2
313,barranquilla,11.004107199999998,-74.80698129999998,2020-04,1
314,barranquilla,11.004107199999998,-74.80698129999998,2020-05,3
315,barranquilla,11.004107199999998,-74.80698129999998,2020-06,5
316,barranquilla,11.004107199999998,-74.80698129999998,2020-07,3
317,barranquilla,11.004107199999998,-74.80698129999998,2020-08,2
318,barrio gaitan,4.674757700000001,-74.0733387,2020-02,1
319,belen de umbria,5.2009029999999985,-75.869261,2017-03,1
320,belen de umbria,5.2009029999999985,-75.869261,2017-06,1
321,belen de umbria,5.2009029999999985,-75.869261,2017-08,1
322,belen de umbria,5.2009029999999985,-75.869261,2017-11,1
323,bello,41.5693984,-90.5135494,2010-06,1
324,bello,41.5693984,-90.5135494,2010-12,1
325,bello,41.5693984,-90.5135494,2011-09,2
326,bello,41.5693984,-90.5135494,2011-12,1
327,bello,41.5693984,-90.5135494,2015-09,3
328,bello,41.5693984,-90.5135494,2016-07,1
329,bello,41.5693984,-90.5135494,2017-02,1
330,bello,41.5693984,-90.5135494,2017-04,2
331,bello,41.5693984,-90.5135494,2017-05,1
332,bello,41.5693984,-90.5135494,2017-07,1
333,bello,41.5693984,-90.5135494,2017-08,1
334,bello,41.5693984,-90.5135494,2017-09,1
335,bello,41.5693984,-90.5135494,2017-11,1
336,bello,41.5693984,-90.5135494,2017-12,1
337,bello,41.5693984,-90.5135494,2018-01,2
338,bello,41.5693984,-90.5135494,2018-02,1
339,bello,41.5693984,-90.5135494,2018-03,1
340,bello,41.5693984,-90.5135494,2018-05,1
341,bello,41.5693984,-90.5135494,2018-07,1
342,bello,41.5693984,-90.5135494,2019-06,1
343,bello,41.5693984,-90.5135494,2019-08,2
344,bello,41.5693984,-90.5135494,2019-11,1
345,beln de umbra,5.2009029999999985,-75.869261,2020-07,1
346,bog,42.351440000000004,-88.1884575,2020-03,1
347,bogot dc,4.7109885999999985,-74.072092,2019-11,1
348,bogot dc,4.7109885999999985,-74.072092,2020-06,1
349,bogota,4.7109885999999985,-74.072092,2010-01,1
350,bogota,4.7109885999999985,-74.072092,2010-02,2
351,bogota,4.7109885999999985,-74.072092,2010-03,2
352,bogota,4.7109885999999985,-74.072092,2010-04,4
353,bogota,4.7109885999999985,-74.072092,2010-06,5
354,bogota,4.7109885999999985,-74.072092,2010-07,9
355,bogota,4.7109885999999985,-74.072092,2010-08,11
356,bogota,4.7109885999999985,-74.072092,2010-09,10
357,bogota,4.7109885999999985,-74.072092,2010-10,13
358,bogota,4.7109885999999985,-74.072092,2010-11,8
359,bogota,4.7109885999999985,-74.072092,2010-12,16
360,bogota,4.7109885999999985,-74.072092,2011-01,11
361,bogota,4.7109885999999985,-74.072092,2011-02,7
362,bogota,4.7109885999999985,-74.072092,2011-03,12
363,bogota,4.7109885999999985,-74.072092,2011-04,9
364,bogota,4.7109885999999985,-74.072092,2011-05,8
365,bogota,4.7109885999999985,-74.072092,2011-06,9
366,bogota,4.7109885999999985,-74.072092,2011-07,12
367,bogota,4.7109885999999985,-74.072092,2011-08,10
368,bogota,4.7109885999999985,-74.072092,2011-09,12
369,bogota,4.7109885999999985,-74.072092,2011-10,9
370,bogota,4.7109885999999985,-74.072092,2011-11,13
371,bogota,4.7109885999999985,-74.072092,2011-12,4
372,bogota,4.7109885999999985,-74.072092,2012-01,12
373,bogota,4.7109885999999985,-74.072092,2012-02,7
374,bogota,4.7109885999999985,-74.072092,2012-03,7
375,bogota,4.7109885999999985,-74.072092,2012-04,5
376,bogota,4.7109885999999985,-74.072092,2012-05,5
377,bogota,4.7109885999999985,-74.072092,2012-06,5
378,bogota,4.7109885999999985,-74.072092,2012-07,6
379,bogota,4.7109885999999985,-74.072092,2012-08,10
380,bogota,4.7109885999999985,-74.072092,2012-09,5
381,bogota,4.7109885999999985,-74.072092,2012-10,9
382,bogota,4.7109885999999985,-74.072092,2012-11,5
383,bogota,4.7109885999999985,-74.072092,2012-12,7
384,bogota,4.7109885999999985,-74.072092,2013-01,7
385,bogota,4.7109885999999985,-74.072092,2013-02,4
386,bogota,4.7109885999999985,-74.072092,2013-03,10
387,bogota,4.7109885999999985,-74.072092,2013-04,9
388,bogota,4.7109885999999985,-74.072092,2013-05,8
389,bogota,4.7109885999999985,-74.072092,2013-06,9
390,bogota,4.7109885999999985,-74.072092,2013-07,7
391,bogota,4.7109885999999985,-74.072092,2013-08,9
392,bogota,4.7109885999999985,-74.072092,2013-09,13
393,bogota,4.7109885999999985,-74.072092,2013-10,10
394,bogota,4.7109885999999985,-74.072092,2013-11,11
395,bogota,4.7109885999999985,-74.072092,2013-12,9
396,bogota,4.7109885999999985,-74.072092,2014-01,9
397,bogota,4.7109885999999985,-74.072092,2014-02,7
398,bogota,4.7109885999999985,-74.072092,2014-03,4
399,bogota,4.7109885999999985,-74.072092,2014-04,4
400,bogota,4.7109885999999985,-74.072092,2014-05,11
401,bogota,4.7109885999999985,-74.072092,2014-06,8
402,bogota,4.7109885999999985,-74.072092,2014-07,11
403,bogota,4.7109885999999985,-74.072092,2014-08,10
404,bogota,4.7109885999999985,-74.072092,2014-09,11
405,bogota,4.7109885999999985,-74.072092,2014-10,5
406,bogota,4.7109885999999985,-74.072092,2014-11,11
407,bogota,4.7109885999999985,-74.072092,2014-12,6
408,bogota,4.7109885999999985,-74.072092,2015-01,13
409,bogota,4.7109885999999985,-74.072092,2015-02,6
410,bogota,4.7109885999999985,-74.072092,2015-03,8
411,bogota,4.7109885999999985,-74.072092,2015-04,19
412,bogota,4.7109885999999985,-74.072092,2015-05,15
413,bogota,4.7109885999999985,-74.072092,2015-06,13
414,bogota,4.7109885999999985,-74.072092,2015-07,20
415,bogota,4.7109885999999985,-74.072092,2015-08,17
416,bogota,4.7109885999999985,-74.072092,2015-09,15
417,bogota,4.7109885999999985,-74.072092,2015-10,22
418,bogota,4.7109885999999985,-74.072092,2015-11,24
419,bogota,4.7109885999999985,-74.072092,2015-12,11
420,bogota,4.7109885999999985,-74.072092,2016-01,19
421,bogota,4.7109885999999985,-74.072092,2016-02,9
422,bogota,4.7109885999999985,-74.072092,2016-03,16
423,bogota,4.7109885999999985,-74.072092,2016-04,14
424,bogota,4.7109885999999985,-74.072092,2016-05,14
425,bogota,4.7109885999999985,-74.072092,2016-06,13
426,bogota,4.7109885999999985,-74.072092,2016-07,11
427,bogota,4.7109885999999985,-74.072092,2016-08,16
428,bogota,4.7109885999999985,-74.072092,2016-09,12
429,bogota,4.7109885999999985,-74.072092,2016-10,18
430,bogota,4.7109885999999985,-74.072092,2016-11,12
431,bogota,4.7109885999999985,-74.072092,2016-12,13
432,bogota,4.7109885999999985,-74.072092,2017-01,18
433,bogota,4.7109885999999985,-74.072092,2017-02,10
434,bogota,4.7109885999999985,-74.072092,2017-03,19
435,bogota,4.7109885999999985,-74.072092,2017-04,10
436,bogota,4.7109885999999985,-74.072092,2017-05,16
437,bogota,4.7109885999999985,-74.072092,2017-06,22
438,bogota,4.7109885999999985,-74.072092,2017-07,11
439,bogota,4.7109885999999985,-74.072092,2017-08,10
440,bogota,4.7109885999999985,-74.072092,2017-09,14
441,bogota,4.7109885999999985,-74.072092,2017-10,12
442,bogota,4.7109885999999985,-74.072092,2017-11,19
443,bogota,4.7109885999999985,-74.072092,2017-12,17
444,bogota,4.7109885999999985,-74.072092,2018-01,9
445,bogota,4.7109885999999985,-74.072092,2018-02,8
446,bogota,4.7109885999999985,-74.072092,2018-03,14
447,bogota,4.7109885999999985,-74.072092,2018-04,12
448,bogota,4.7109885999999985,-74.072092,2018-05,14
449,bogota,4.7109885999999985,-74.072092,2018-06,26
450,bogota,4.7109885999999985,-74.072092,2018-07,23
451,bogota,4.7109885999999985,-74.072092,2018-08,11
452,bogota,4.7109885999999985,-74.072092,2018-09,18
453,bogota,4.7109885999999985,-74.072092,2018-10,11
454,bogota,4.7109885999999985,-74.072092,2018-11,18
455,bogota,4.7109885999999985,-74.072092,2018-12,14
456,bogota,4.7109885999999985,-74.072092,2019-01,16
457,bogota,4.7109885999999985,-74.072092,2019-02,14
458,bogota,4.7109885999999985,-74.072092,2019-03,7
459,bogota,4.7109885999999985,-74.072092,2019-04,6
460,bogota,4.7109885999999985,-74.072092,2019-05,14
461,bogota,4.7109885999999985,-74.072092,2019-06,15
462,bogota,4.7109885999999985,-74.072092,2019-07,8
463,bogota,4.7109885999999985,-74.072092,2019-08,11
464,bogota,4.7109885999999985,-74.072092,2019-09,9
465,bogota,4.7109885999999985,-74.072092,2019-10,18
466,bogota,4.7109885999999985,-74.072092,2019-11,17
467,bogota,4.7109885999999985,-74.072092,2019-12,17
468,bogota,4.7109885999999985,-74.072092,2020-01,13
469,bogota,4.7109885999999985,-74.072092,2020-02,13
470,bogota,4.7109885999999985,-74.072092,2020-03,5
471,bogota,4.7109885999999985,-74.072092,2020-04,3
472,bogota,4.7109885999999985,-74.072092,2020-05,7
473,bogota,4.7109885999999985,-74.072092,2020-06,11
474,bogota,4.7109885999999985,-74.072092,2020-07,14
475,bogota,4.7109885999999985,-74.072092,2020-08,4
476,bogota,4.7109885999999985,-74.072092,2020-09,2
477,bogota,4.7109885999999985,-74.072092,2020-12,2
478,bosconia,9.970362,-73.89053100000001,2013-08,1
479,bosconia,9.970362,-73.89053100000001,2013-12,1
480,bosconia,9.970362,-73.89053100000001,2015-05,1
481,bosconia,9.970362,-73.89053100000001,2015-09,1
482,bosconia,9.970362,-73.89053100000001,2015-10,1
483,bosconia,9.970362,-73.89053100000001,2017-09,1
484,bosconia,9.970362,-73.89053100000001,2017-10,1
485,bosconia,9.970362,-73.89053100000001,2018-01,1
486,bosconia,9.970362,-73.89053100000001,2018-07,1
487,bosconia,9.970362,-73.89053100000001,2018-12,1
488,bosconia,9.970362,-73.89053100000001,2019-03,1
489,bosconia,9.970362,-73.89053100000001,2019-06,1
490,bosconia,9.970362,-73.89053100000001,2019-08,1
491,bosconia,9.970362,-73.89053100000001,2019-09,1
492,bosconia,9.970362,-73.89053100000001,2019-11,2
493,bucaramanga,7.119349000000001,-73.1227416,2010-01,1
494,bucaramanga,7.119349000000001,-73.1227416,2010-03,2
495,bucaramanga,7.119349000000001,-73.1227416,2010-05,1
496,bucaramanga,7.119349000000001,-73.1227416,2010-06,2
497,bucaramanga,7.119349000000001,-73.1227416,2010-07,6
498,bucaramanga,7.119349000000001,-73.1227416,2010-08,2
499,bucaramanga,7.119349000000001,-73.1227416,2010-09,6
500,bucaramanga,7.119349000000001,-73.1227416,2010-10,9
501,bucaramanga,7.119349000000001,-73.1227416,2010-11,11
502,bucaramanga,7.119349000000001,-73.1227416,2010-12,5
503,bucaramanga,7.119349000000001,-73.1227416,2011-01,9
504,bucaramanga,7.119349000000001,-73.1227416,2011-02,4
505,bucaramanga,7.119349000000001,-73.1227416,2011-03,11
506,bucaramanga,7.119349000000001,-73.1227416,2011-04,1
507,bucaramanga,7.119349000000001,-73.1227416,2011-05,5
508,bucaramanga,7.119349000000001,-73.1227416,2011-06,4
509,bucaramanga,7.119349000000001,-73.1227416,2011-07,6
510,bucaramanga,7.119349000000001,-73.1227416,2011-08,6
511,bucaramanga,7.119349000000001,-73.1227416,2011-09,11
512,bucaramanga,7.119349000000001,-73.1227416,2011-10,12
513,bucaramanga,7.119349000000001,-73.1227416,2011-11,7
514,bucaramanga,7.119349000000001,-73.1227416,2011-12,9
515,bucaramanga,7.119349000000001,-73.1227416,2012-01,10
516,bucaramanga,7.119349000000001,-73.1227416,2012-02,13
517,bucaramanga,7.119349000000001,-73.1227416,2012-03,8
518,bucaramanga,7.119349000000001,-73.1227416,2012-04,4
519,bucaramanga,7.119349000000001,-73.1227416,2012-05,5
520,bucaramanga,7.119349000000001,-73.1227416,2012-06,10
521,bucaramanga,7.119349000000001,-73.1227416,2012-07,7
522,bucaramanga,7.119349000000001,-73.1227416,2012-08,6
523,bucaramanga,7.119349000000001,-73.1227416,2012-09,8
524,bucaramanga,7.119349000000001,-73.1227416,2012-10,9
525,bucaramanga,7.119349000000001,-73.1227416,2012-11,7
526,bucaramanga,7.119349000000001,-73.1227416,2012-12,7
527,bucaramanga,7.119349000000001,-73.1227416,2013-01,6
528,bucaramanga,7.119349000000001,-73.1227416,2013-02,9
529,bucaramanga,7.119349000000001,-73.1227416,2013-03,10
530,bucaramanga,7.119349000000001,-73.1227416,2013-04,3
531,bucaramanga,7.119349000000001,-73.1227416,2013-05,3
532,bucaramanga,7.119349000000001,-73.1227416,2013-06,8
533,bucaramanga,7.119349000000001,-73.1227416,2013-07,9
534,bucaramanga,7.119349000000001,-73.1227416,2013-08,6
535,bucaramanga,7.119349000000001,-73.1227416,2013-09,15
536,bucaramanga,7.119349000000001,-73.1227416,2013-10,9
537,bucaramanga,7.119349000000001,-73.1227416,2013-11,7
538,bucaramanga,7.119349000000001,-73.1227416,2013-12,5
539,bucaramanga,7.119349000000001,-73.1227416,2014-01,5
540,bucaramanga,7.119349000000001,-73.1227416,2014-02,11
541,bucaramanga,7.119349000000001,-73.1227416,2014-03,6
542,bucaramanga,7.119349000000001,-73.1227416,2014-04,3
543,bucaramanga,7.119349000000001,-73.1227416,2014-05,8
544,bucaramanga,7.119349000000001,-73.1227416,2014-06,6
545,bucaramanga,7.119349000000001,-73.1227416,2014-07,15
546,bucaramanga,7.119349000000001,-73.1227416,2014-08,11
547,bucaramanga,7.119349000000001,-73.1227416,2014-09,8
548,bucaramanga,7.119349000000001,-73.1227416,2014-10,10
549,bucaramanga,7.119349000000001,-73.1227416,2014-11,14
550,bucaramanga,7.119349000000001,-73.1227416,2014-12,6
551,bucaramanga,7.119349000000001,-73.1227416,2015-01,13
552,bucaramanga,7.119349000000001,-73.1227416,2015-02,9
553,bucaramanga,7.119349000000001,-73.1227416,2015-03,9
554,bucaramanga,7.119349000000001,-73.1227416,2015-04,12
555,bucaramanga,7.119349000000001,-73.1227416,2015-05,10
556,bucaramanga,7.119349000000001,-73.1227416,2015-06,11
557,bucaramanga,7.119349000000001,-73.1227416,2015-07,7
558,bucaramanga,7.119349000000001,-73.1227416,2015-08,10
559,bucaramanga,7.119349000000001,-73.1227416,2015-09,8
560,bucaramanga,7.119349000000001,-73.1227416,2015-10,11
561,bucaramanga,7.119349000000001,-73.1227416,2015-11,4
562,bucaramanga,7.119349000000001,-73.1227416,2015-12,7
563,bucaramanga,7.119349000000001,-73.1227416,2016-01,12
564,bucaramanga,7.119349000000001,-73.1227416,2016-02,3
565,bucaramanga,7.119349000000001,-73.1227416,2016-03,7
566,bucaramanga,7.119349000000001,-73.1227416,2016-04,6
567,bucaramanga,7.119349000000001,-73.1227416,2016-05,4
568,bucaramanga,7.119349000000001,-73.1227416,2016-06,9
569,bucaramanga,7.119349000000001,-73.1227416,2016-07,6
570,bucaramanga,7.119349000000001,-73.1227416,2016-08,8
571,bucaramanga,7.119349000000001,-73.1227416,2016-09,6
572,bucaramanga,7.119349000000001,-73.1227416,2016-10,5
573,bucaramanga,7.119349000000001,-73.1227416,2016-11,6
574,bucaramanga,7.119349000000001,-73.1227416,2016-12,5
575,bucaramanga,7.119349000000001,-73.1227416,2017-01,5
576,bucaramanga,7.119349000000001,-73.1227416,2017-02,2
577,bucaramanga,7.119349000000001,-73.1227416,2017-03,8
578,bucaramanga,7.119349000000001,-73.1227416,2017-04,7
579,bucaramanga,7.119349000000001,-73.1227416,2017-05,4
580,bucaramanga,7.119349000000001,-73.1227416,2017-06,10
581,bucaramanga,7.119349000000001,-73.1227416,2017-07,10
582,bucaramanga,7.119349000000001,-73.1227416,2017-08,6
583,bucaramanga,7.119349000000001,-73.1227416,2017-10,6
584,bucaramanga,7.119349000000001,-73.1227416,2017-11,8
585,bucaramanga,7.119349000000001,-73.1227416,2017-12,12
586,bucaramanga,7.119349000000001,-73.1227416,2018-01,7
587,bucaramanga,7.119349000000001,-73.1227416,2018-02,5
588,bucaramanga,7.119349000000001,-73.1227416,2018-03,6
589,bucaramanga,7.119349000000001,-73.1227416,2018-04,3
590,bucaramanga,7.119349000000001,-73.1227416,2018-05,7
591,bucaramanga,7.119349000000001,-73.1227416,2018-06,11
592,bucaramanga,7.119349000000001,-73.1227416,2018-07,3
593,bucaramanga,7.119349000000001,-73.1227416,2018-08,3
594,bucaramanga,7.119349000000001,-73.1227416,2018-09,2
595,bucaramanga,7.119349000000001,-73.1227416,2018-10,6
596,bucaramanga,7.119349000000001,-73.1227416,2018-11,9
597,bucaramanga,7.119349000000001,-73.1227416,2018-12,6
598,bucaramanga,7.119349000000001,-73.1227416,2019-01,7
599,bucaramanga,7.119349000000001,-73.1227416,2019-02,3
600,bucaramanga,7.119349000000001,-73.1227416,2019-03,2
601,bucaramanga,7.119349000000001,-73.1227416,2019-04,3
602,bucaramanga,7.119349000000001,-73.1227416,2019-05,6
603,bucaramanga,7.119349000000001,-73.1227416,2019-06,5
604,bucaramanga,7.119349000000001,-73.1227416,2019-07,4
605,bucaramanga,7.119349000000001,-73.1227416,2019-08,7
606,bucaramanga,7.119349000000001,-73.1227416,2019-09,6
607,bucaramanga,7.119349000000001,-73.1227416,2019-10,8
608,bucaramanga,7.119349000000001,-73.1227416,2019-11,3
609,bucaramanga,7.119349000000001,-73.1227416,2019-12,8
610,bucaramanga,7.119349000000001,-73.1227416,2020-01,2
611,bucaramanga,7.119349000000001,-73.1227416,2020-02,7
612,bucaramanga,7.119349000000001,-73.1227416,2020-03,2
613,bucaramanga,7.119349000000001,-73.1227416,2020-04,5
614,bucaramanga,7.119349000000001,-73.1227416,2020-05,4
615,bucaramanga,7.119349000000001,-73.1227416,2020-06,3
616,bucaramanga,7.119349000000001,-73.1227416,2020-07,3
617,bucaramanga,7.119349000000001,-73.1227416,2020-09,1
618,bucaramanga,7.119349000000001,-73.1227416,2020-10,1
619,bucaramanga,7.119349000000001,-73.1227416,2020-11,1
620,bucaramanga,7.119349000000001,-73.1227416,2020-12,1
621,buenaventura,3.8830470999999998,-77.01972119999998,2014-05,1
622,buga,3.8946047999999993,-76.3055772,2016-07,1
623,buga,3.8946047999999993,-76.3055772,2016-12,1
624,buga,3.8946047999999993,-76.3055772,2017-05,1
625,bugalagrande,4.210851000000001,-76.155749,2013-05,1
626,bugalagrande,4.210851000000001,-76.155749,2014-10,1
627,bugalagrande,4.210851000000001,-76.155749,2015-05,1
628,bugalagrande,4.210851000000001,-76.155749,2015-09,2
629,bugalagrande,4.210851000000001,-76.155749,2015-10,1
630,bugalagrande,4.210851000000001,-76.155749,2015-12,1
631,bugalagrande,4.210851000000001,-76.155749,2016-01,1
632,cajica,4.918721700000001,-74.02255699999998,2010-06,1
633,cajica,4.918721700000001,-74.02255699999998,2010-08,1
634,cajica,4.918721700000001,-74.02255699999998,2010-09,1
635,cajica,4.918721700000001,-74.02255699999998,2010-10,1
636,cajica,4.918721700000001,-74.02255699999998,2016-03,1
637,cajica,4.918721700000001,-74.02255699999998,2017-05,1
638,cajica,4.918721700000001,-74.02255699999998,2017-11,1
639,cajica,4.918721700000001,-74.02255699999998,2018-03,1
640,cajica,4.918721700000001,-74.02255699999998,2018-05,1
641,cajica,4.918721700000001,-74.02255699999998,2018-06,1
642,cajica,4.918721700000001,-74.02255699999998,2018-08,2
643,cajica,4.918721700000001,-74.02255699999998,2019-01,1
644,cajica,4.918721700000001,-74.02255699999998,2019-03,1
645,cajica,4.918721700000001,-74.02255699999998,2019-04,1
646,cajica,4.918721700000001,-74.02255699999998,2019-07,1
647,cajica,4.918721700000001,-74.02255699999998,2019-08,1
648,cajica,4.918721700000001,-74.02255699999998,2019-09,1
649,cajica,4.918721700000001,-74.02255699999998,2020-05,3
650,calarca,4.5266936,-75.64095739999998,2017-10,1
651,calarca,4.5266936,-75.64095739999998,2017-11,1
652,calarca,4.5266936,-75.64095739999998,2018-02,1
653,calera,33.1028965,-86.7535975,2019-03,1
654,cali,3.4516467000000004,-76.53198540000001,2010-02,2
655,cali,3.4516467000000004,-76.53198540000001,2010-07,3
656,cali,3.4516467000000004,-76.53198540000001,2010-08,1
657,cali,3.4516467000000004,-76.53198540000001,2010-09,2
658,cali,3.4516467000000004,-76.53198540000001,2010-10,3
659,cali,3.4516467000000004,-76.53198540000001,2010-11,4
660,cali,3.4516467000000004,-76.53198540000001,2010-12,1
661,cali,3.4516467000000004,-76.53198540000001,2011-02,2
662,cali,3.4516467000000004,-76.53198540000001,2011-03,5
663,cali,3.4516467000000004,-76.53198540000001,2011-04,1
664,cali,3.4516467000000004,-76.53198540000001,2011-05,2
665,cali,3.4516467000000004,-76.53198540000001,2011-06,1
666,cali,3.4516467000000004,-76.53198540000001,2011-07,7
667,cali,3.4516467000000004,-76.53198540000001,2011-08,6
668,cali,3.4516467000000004,-76.53198540000001,2011-09,3
669,cali,3.4516467000000004,-76.53198540000001,2011-10,9
670,cali,3.4516467000000004,-76.53198540000001,2011-12,2
671,cali,3.4516467000000004,-76.53198540000001,2012-01,2
672,cali,3.4516467000000004,-76.53198540000001,2012-02,3
673,cali,3.4516467000000004,-76.53198540000001,2012-03,6
674,cali,3.4516467000000004,-76.53198540000001,2012-04,1
675,cali,3.4516467000000004,-76.53198540000001,2012-05,2
676,cali,3.4516467000000004,-76.53198540000001,2012-06,5
677,cali,3.4516467000000004,-76.53198540000001,2012-07,6
678,cali,3.4516467000000004,-76.53198540000001,2012-08,4
679,cali,3.4516467000000004,-76.53198540000001,2012-09,6
680,cali,3.4516467000000004,-76.53198540000001,2012-10,2
681,cali,3.4516467000000004,-76.53198540000001,2012-11,1
682,cali,3.4516467000000004,-76.53198540000001,2012-12,1
683,cali,3.4516467000000004,-76.53198540000001,2013-01,2
684,cali,3.4516467000000004,-76.53198540000001,2013-02,2
685,cali,3.4516467000000004,-76.53198540000001,2013-03,1
686,cali,3.4516467000000004,-76.53198540000001,2013-04,5
687,cali,3.4516467000000004,-76.53198540000001,2013-05,3
688,cali,3.4516467000000004,-76.53198540000001,2013-06,5
689,cali,3.4516467000000004,-76.53198540000001,2013-07,1
690,cali,3.4516467000000004,-76.53198540000001,2013-08,3
691,cali,3.4516467000000004,-76.53198540000001,2013-09,4
692,cali,3.4516467000000004,-76.53198540000001,2013-10,1
693,cali,3.4516467000000004,-76.53198540000001,2013-11,2
694,cali,3.4516467000000004,-76.53198540000001,2013-12,1
695,cali,3.4516467000000004,-76.53198540000001,2014-03,1
696,cali,3.4516467000000004,-76.53198540000001,2014-04,1
697,cali,3.4516467000000004,-76.53198540000001,2014-05,2
698,cali,3.4516467000000004,-76.53198540000001,2014-06,1
699,cali,3.4516467000000004,-76.53198540000001,2014-07,4
700,cali,3.4516467000000004,-76.53198540000001,2014-08,1
701,cali,3.4516467000000004,-76.53198540000001,2014-10,3
702,cali,3.4516467000000004,-76.53198540000001,2014-11,5
703,cali,3.4516467000000004,-76.53198540000001,2014-12,2
704,cali,3.4516467000000004,-76.53198540000001,2015-01,2
705,cali,3.4516467000000004,-76.53198540000001,2015-03,1
706,cali,3.4516467000000004,-76.53198540000001,2015-04,1
707,cali,3.4516467000000004,-76.53198540000001,2015-05,4
708,cali,3.4516467000000004,-76.53198540000001,2015-06,6
709,cali,3.4516467000000004,-76.53198540000001,2015-07,7
710,cali,3.4516467000000004,-76.53198540000001,2015-08,7
711,cali,3.4516467000000004,-76.53198540000001,2015-09,5
712,cali,3.4516467000000004,-76.53198540000001,2015-10,4
713,cali,3.4516467000000004,-76.53198540000001,2015-11,1
714,cali,3.4516467000000004,-76.53198540000001,2015-12,4
715,cali,3.4516467000000004,-76.53198540000001,2016-01,5
716,cali,3.4516467000000004,-76.53198540000001,2016-02,10
717,cali,3.4516467000000004,-76.53198540000001,2016-03,6
718,cali,3.4516467000000004,-76.53198540000001,2016-04,6
719,cali,3.4516467000000004,-76.53198540000001,2016-05,7
720,cali,3.4516467000000004,-76.53198540000001,2016-06,7
721,cali,3.4516467000000004,-76.53198540000001,2016-07,5
722,cali,3.4516467000000004,-76.53198540000001,2016-08,8
723,cali,3.4516467000000004,-76.53198540000001,2016-09,10
724,cali,3.4516467000000004,-76.53198540000001,2016-10,8
725,cali,3.4516467000000004,-76.53198540000001,2016-11,3
726,cali,3.4516467000000004,-76.53198540000001,2016-12,12
727,cali,3.4516467000000004,-76.53198540000001,2017-01,5
728,cali,3.4516467000000004,-76.53198540000001,2017-02,2
729,cali,3.4516467000000004,-76.53198540000001,2017-03,4
730,cali,3.4516467000000004,-76.53198540000001,2017-04,2
731,cali,3.4516467000000004,-76.53198540000001,2017-05,6
732,cali,3.4516467000000004,-76.53198540000001,2017-06,4
733,cali,3.4516467000000004,-76.53198540000001,2017-07,6
734,cali,3.4516467000000004,-76.53198540000001,2017-08,2
735,cali,3.4516467000000004,-76.53198540000001,2017-09,5
736,cali,3.4516467000000004,-76.53198540000001,2017-11,7
737,cali,3.4516467000000004,-76.53198540000001,2017-12,5
738,cali,3.4516467000000004,-76.53198540000001,2018-01,3
739,cali,3.4516467000000004,-76.53198540000001,2018-02,7
740,cali,3.4516467000000004,-76.53198540000001,2018-03,5
741,cali,3.4516467000000004,-76.53198540000001,2018-04,5
742,cali,3.4516467000000004,-76.53198540000001,2018-05,6
743,cali,3.4516467000000004,-76.53198540000001,2018-06,11
744,cali,3.4516467000000004,-76.53198540000001,2018-07,9
745,cali,3.4516467000000004,-76.53198540000001,2018-08,11
746,cali,3.4516467000000004,-76.53198540000001,2018-09,6
747,cali,3.4516467000000004,-76.53198540000001,2018-10,4
748,cali,3.4516467000000004,-76.53198540000001,2018-11,8
749,cali,3.4516467000000004,-76.53198540000001,2018-12,4
750,cali,3.4516467000000004,-76.53198540000001,2019-01,7
751,cali,3.4516467000000004,-76.53198540000001,2019-02,3
752,cali,3.4516467000000004,-76.53198540000001,2019-03,9
753,cali,3.4516467000000004,-76.53198540000001,2019-04,2
754,cali,3.4516467000000004,-76.53198540000001,2019-05,4
755,cali,3.4516467000000004,-76.53198540000001,2019-06,5
756,cali,3.4516467000000004,-76.53198540000001,2019-07,2
757,cali,3.4516467000000004,-76.53198540000001,2019-08,9
758,cali,3.4516467000000004,-76.53198540000001,2019-09,6
759,cali,3.4516467000000004,-76.53198540000001,2019-10,10
760,cali,3.4516467000000004,-76.53198540000001,2019-11,6
761,cali,3.4516467000000004,-76.53198540000001,2019-12,8
762,cali,3.4516467000000004,-76.53198540000001,2020-01,3
763,cali,3.4516467000000004,-76.53198540000001,2020-02,1
764,cali,3.4516467000000004,-76.53198540000001,2020-03,2
765,cali,3.4516467000000004,-76.53198540000001,2020-04,2
766,cali,3.4516467000000004,-76.53198540000001,2020-05,2
767,cali,3.4516467000000004,-76.53198540000001,2020-06,3
768,cali,3.4516467000000004,-76.53198540000001,2020-07,4
769,cali,3.4516467000000004,-76.53198540000001,2020-11,1
770,cali,3.4516467000000004,-76.53198540000001,2020-12,1
771,cali  ingenio,3.3834012,-76.5300365,2020-06,1
772,caliboviaencali,0.0,0.0,2020-06,1
773,caracas,10.480593699999998,-66.90360629999999,2010-08,1
774,caracas,10.480593699999998,-66.90360629999999,2011-03,2
775,caracas,10.480593699999998,-66.90360629999999,2011-04,1
776,caracas,10.480593699999998,-66.90360629999999,2011-09,2
777,caracas,10.480593699999998,-66.90360629999999,2011-10,4
778,caracas,10.480593699999998,-66.90360629999999,2011-11,2
779,caracas,10.480593699999998,-66.90360629999999,2011-12,6
780,caracas,10.480593699999998,-66.90360629999999,2012-01,3
781,caracas,10.480593699999998,-66.90360629999999,2012-03,2
782,caracas,10.480593699999998,-66.90360629999999,2012-04,2
783,caracas,10.480593699999998,-66.90360629999999,2012-05,2
784,caracas,10.480593699999998,-66.90360629999999,2012-06,6
785,caracas,10.480593699999998,-66.90360629999999,2012-07,1
786,caracas,10.480593699999998,-66.90360629999999,2012-08,1
787,caracas,10.480593699999998,-66.90360629999999,2012-09,6
788,caracas,10.480593699999998,-66.90360629999999,2012-10,3
789,caracas,10.480593699999998,-66.90360629999999,2012-11,1
790,caracas,10.480593699999998,-66.90360629999999,2012-12,3
791,caracas,10.480593699999998,-66.90360629999999,2013-01,2
792,caracas,10.480593699999998,-66.90360629999999,2013-02,2
793,caracas,10.480593699999998,-66.90360629999999,2013-03,2
794,caracas,10.480593699999998,-66.90360629999999,2013-05,1
795,caracas,10.480593699999998,-66.90360629999999,2013-07,3
796,caracas,10.480593699999998,-66.90360629999999,2013-08,3
797,caracas,10.480593699999998,-66.90360629999999,2013-09,2
798,caracas,10.480593699999998,-66.90360629999999,2014-01,1
799,caracas,10.480593699999998,-66.90360629999999,2014-03,2
800,caracas,10.480593699999998,-66.90360629999999,2014-04,1
801,caracas,10.480593699999998,-66.90360629999999,2014-07,1
802,caracas,10.480593699999998,-66.90360629999999,2014-08,3
803,caracas,10.480593699999998,-66.90360629999999,2014-09,4
804,caracas,10.480593699999998,-66.90360629999999,2014-10,4
805,caracas,10.480593699999998,-66.90360629999999,2014-12,2
806,caracas,10.480593699999998,-66.90360629999999,2015-04,5
807,caracas,10.480593699999998,-66.90360629999999,2015-05,3
808,caracas,10.480593699999998,-66.90360629999999,2015-06,1
809,cartagena,10.393227699999999,-75.4832311,2010-04,1
810,cartagena,10.393227699999999,-75.4832311,2010-07,1
811,cartagena,10.393227699999999,-75.4832311,2010-08,1
812,cartagena,10.393227699999999,-75.4832311,2010-09,5
813,cartagena,10.393227699999999,-75.4832311,2010-10,3
814,cartagena,10.393227699999999,-75.4832311,2010-11,1
815,cartagena,10.393227699999999,-75.4832311,2010-12,1
816,cartagena,10.393227699999999,-75.4832311,2011-01,2
817,cartagena,10.393227699999999,-75.4832311,2011-02,1
818,cartagena,10.393227699999999,-75.4832311,2011-03,2
819,cartagena,10.393227699999999,-75.4832311,2011-04,4
820,cartagena,10.393227699999999,-75.4832311,2011-05,4
821,cartagena,10.393227699999999,-75.4832311,2011-06,6
822,cartagena,10.393227699999999,-75.4832311,2011-08,2
823,cartagena,10.393227699999999,-75.4832311,2011-09,5
824,cartagena,10.393227699999999,-75.4832311,2011-10,7
825,cartagena,10.393227699999999,-75.4832311,2011-11,5
826,cartagena,10.393227699999999,-75.4832311,2011-12,3
827,cartagena,10.393227699999999,-75.4832311,2012-01,2
828,cartagena,10.393227699999999,-75.4832311,2012-02,3
829,cartagena,10.393227699999999,-75.4832311,2012-03,9
830,cartagena,10.393227699999999,-75.4832311,2012-04,2
831,cartagena,10.393227699999999,-75.4832311,2012-05,3
832,cartagena,10.393227699999999,-75.4832311,2012-06,3
833,cartagena,10.393227699999999,-75.4832311,2012-07,2
834,cartagena,10.393227699999999,-75.4832311,2012-08,2
835,cartagena,10.393227699999999,-75.4832311,2012-10,2
836,cartagena,10.393227699999999,-75.4832311,2012-11,6
837,cartagena,10.393227699999999,-75.4832311,2012-12,3
838,cartagena,10.393227699999999,-75.4832311,2013-01,1
839,cartagena,10.393227699999999,-75.4832311,2013-02,1
840,cartagena,10.393227699999999,-75.4832311,2013-03,2
841,cartagena,10.393227699999999,-75.4832311,2013-04,1
842,cartagena,10.393227699999999,-75.4832311,2013-06,3
843,cartagena,10.393227699999999,-75.4832311,2013-07,3
844,cartagena,10.393227699999999,-75.4832311,2013-08,4
845,cartagena,10.393227699999999,-75.4832311,2013-09,4
846,cartagena,10.393227699999999,-75.4832311,2013-10,3
847,cartagena,10.393227699999999,-75.4832311,2013-12,1
848,cartagena,10.393227699999999,-75.4832311,2014-01,1
849,cartagena,10.393227699999999,-75.4832311,2014-05,1
850,cartagena,10.393227699999999,-75.4832311,2014-06,1
851,cartagena,10.393227699999999,-75.4832311,2014-08,1
852,cartagena,10.393227699999999,-75.4832311,2014-09,1
853,cartagena,10.393227699999999,-75.4832311,2014-10,2
854,cartagena,10.393227699999999,-75.4832311,2014-11,4
855,cartagena,10.393227699999999,-75.4832311,2014-12,2
856,cartagena,10.393227699999999,-75.4832311,2015-01,1
857,cartagena,10.393227699999999,-75.4832311,2015-03,2
858,cartagena,10.393227699999999,-75.4832311,2015-05,2
859,cartagena,10.393227699999999,-75.4832311,2015-06,3
860,cartagena,10.393227699999999,-75.4832311,2015-07,2
861,cartagena,10.393227699999999,-75.4832311,2015-08,4
862,cartagena,10.393227699999999,-75.4832311,2015-09,1
863,cartagena,10.393227699999999,-75.4832311,2015-10,3
864,cartagena,10.393227699999999,-75.4832311,2015-11,5
865,cartagena,10.393227699999999,-75.4832311,2016-04,2
866,cartagena,10.393227699999999,-75.4832311,2016-05,1
867,cartagena,10.393227699999999,-75.4832311,2016-07,2
868,cartagena,10.393227699999999,-75.4832311,2016-08,2
869,cartagena,10.393227699999999,-75.4832311,2016-10,1
870,cartagena,10.393227699999999,-75.4832311,2016-11,2
871,cartagena,10.393227699999999,-75.4832311,2016-12,2
872,cartagena,10.393227699999999,-75.4832311,2017-01,1
873,cartagena,10.393227699999999,-75.4832311,2017-02,1
874,cartagena,10.393227699999999,-75.4832311,2017-03,4
875,cartagena,10.393227699999999,-75.4832311,2017-05,2
876,cartagena,10.393227699999999,-75.4832311,2017-07,3
877,cartagena,10.393227699999999,-75.4832311,2017-08,2
878,cartagena,10.393227699999999,-75.4832311,2017-09,1
879,cartagena,10.393227699999999,-75.4832311,2018-01,1
880,cartagena,10.393227699999999,-75.4832311,2018-03,2
881,cartagena,10.393227699999999,-75.4832311,2018-05,1
882,cartagena,10.393227699999999,-75.4832311,2018-06,3
883,cartagena,10.393227699999999,-75.4832311,2018-07,4
884,cartagena,10.393227699999999,-75.4832311,2018-08,3
885,cartagena,10.393227699999999,-75.4832311,2018-09,2
886,cartagena,10.393227699999999,-75.4832311,2018-10,2
887,cartagena,10.393227699999999,-75.4832311,2018-11,1
888,cartagena,10.393227699999999,-75.4832311,2018-12,1
889,cartagena,10.393227699999999,-75.4832311,2019-01,1
890,cartagena,10.393227699999999,-75.4832311,2019-02,1
891,cartagena,10.393227699999999,-75.4832311,2019-05,2
892,cartagena,10.393227699999999,-75.4832311,2019-06,1
893,cartagena,10.393227699999999,-75.4832311,2019-07,2
894,cartagena,10.393227699999999,-75.4832311,2019-08,1
895,cartagena,10.393227699999999,-75.4832311,2019-09,1
896,cartagena,10.393227699999999,-75.4832311,2019-11,1
897,cartagena,10.393227699999999,-75.4832311,2019-12,2
898,cartagena,10.393227699999999,-75.4832311,2020-01,2
899,cartagena,10.393227699999999,-75.4832311,2020-02,1
900,cartagena,10.393227699999999,-75.4832311,2020-03,1
901,cartagena,10.393227699999999,-75.4832311,2020-04,2
902,cartagena,10.393227699999999,-75.4832311,2020-06,1
903,cartagena,10.393227699999999,-75.4832311,2020-07,1
904,cartago,9.8638091,-83.91619349999998,2016-05,1
905,cartago,9.8638091,-83.91619349999998,2017-05,1
906,cartago,9.8638091,-83.91619349999998,2019-06,1
907,cartago,9.8638091,-83.91619349999998,2019-10,1
908,cartago,9.8638091,-83.91619349999998,2020-07,1
909,caucasia,7.983182100000001,-75.1981665,2010-08,1
910,caucasia,7.983182100000001,-75.1981665,2011-03,2
911,caucasia,7.983182100000001,-75.1981665,2011-04,2
912,caucasia,7.983182100000001,-75.1981665,2011-06,1
913,caucasia,7.983182100000001,-75.1981665,2013-09,1
914,caucasia,7.983182100000001,-75.1981665,2014-04,1
915,caucasia,7.983182100000001,-75.1981665,2014-05,1
916,caucasia,7.983182100000001,-75.1981665,2014-10,2
917,caucasia,7.983182100000001,-75.1981665,2015-03,1
918,caucasia,7.983182100000001,-75.1981665,2018-11,1
919,caucasia,7.983182100000001,-75.1981665,2019-02,1
920,caucasia,7.983182100000001,-75.1981665,2019-06,1
921,caucasia,7.983182100000001,-75.1981665,2020-01,1
922,caucasia,7.983182100000001,-75.1981665,2020-07,1
923,ceret,42.485952000000005,2.7488259999999998,2018-04,1
924,cerete,45.9309698,9.9192228,2019-08,1
925,cha,41.8770912,-87.62547159999998,2013-08,3
926,cha,41.8770912,-87.62547159999998,2013-09,2
927,cha,41.8770912,-87.62547159999998,2016-08,1
928,cha,41.8770912,-87.62547159999998,2019-10,1
929,cha,41.8770912,-87.62547159999998,2019-11,1
930,cha,41.8770912,-87.62547159999998,2020-04,1
931,cha,41.8770912,-87.62547159999998,2020-11,1
932,chaparral,34.089670899999994,-117.30069270000001,2019-07,2
933,chia,26.0490578,-80.1374065,2017-12,1
934,chigoroda,7.6645455,-76.67748449999998,2011-11,3
935,chigoroda,7.6645455,-76.67748449999998,2012-02,1
936,chigoroda,7.6645455,-76.67748449999998,2013-11,2
937,chigoroda,7.6645455,-76.67748449999998,2015-11,1
938,chigoroda,7.6645455,-76.67748449999998,2016-07,1
939,chigoroda,7.6645455,-76.67748449999998,2016-11,1
940,chigoroda,7.6645455,-76.67748449999998,2018-05,1
941,chigoroda,7.6645455,-76.67748449999998,2020-01,1
942,chigorodo,7.6645455,-76.67748449999998,2018-09,1
943,chigorodo,7.6645455,-76.67748449999998,2018-11,1
944,chigorodo,7.6645455,-76.67748449999998,2019-01,1
945,chinu,9.0226433,-75.294569,2019-08,2
946,chiquinquira,5.614775,-73.819571,2011-03,1
947,chiquinquira,5.614775,-73.819571,2011-11,1
948,chiquinquira,5.614775,-73.819571,2012-01,1
949,chiquinquira,5.614775,-73.819571,2015-02,1
950,chiquinquira,5.614775,-73.819571,2016-08,1
951,chiquinquira,5.614775,-73.819571,2017-01,1
952,chiquinquira,5.614775,-73.819571,2019-08,1
953,chiquinquira,5.614775,-73.819571,2020-06,1
954,chiquinquira,5.614775,-73.819571,2020-07,1
955,chitag,41.8885198,-87.63544820000001,2015-12,2
956,choconta,5.144813999999998,-73.68466679999999,2016-11,1
957,choconta,5.144813999999998,-73.68466679999999,2018-03,1
958,cienaga,32.0634203,-109.0450595,2011-06,1
959,cienaga,32.0634203,-109.0450595,2012-09,1
960,cienaga,32.0634203,-109.0450595,2012-11,1
961,cienaga,32.0634203,-109.0450595,2014-05,2
962,cienaga,32.0634203,-109.0450595,2014-07,1
963,cienaga,32.0634203,-109.0450595,2015-11,2
964,cienaga,32.0634203,-109.0450595,2016-11,1
965,cienaga,32.0634203,-109.0450595,2017-05,1
966,cienaga,32.0634203,-109.0450595,2017-11,2
967,cienaga,32.0634203,-109.0450595,2018-04,1
968,cienaga,32.0634203,-109.0450595,2018-05,1
969,cienaga,32.0634203,-109.0450595,2018-07,1
970,cienaga,32.0634203,-109.0450595,2018-08,1
971,cienaga,32.0634203,-109.0450595,2018-10,1
972,ciudad de panama,8.982379199999999,-79.51986959999998,2013-05,1
973,ciudad de panama,8.982379199999999,-79.51986959999998,2014-01,1
974,ciudad de panama,8.982379199999999,-79.51986959999998,2014-07,1
975,ciudad de panama,8.982379199999999,-79.51986959999998,2015-04,1
976,claretatalaya,0.0,0.0,2020-09,1
977,copacabana,-22.969441699999997,-43.186844799999996,2017-09,1
978,copacabana,-22.969441699999997,-43.186844799999996,2017-11,1
979,corozal,18.403080199999998,-88.3967536,2020-08,1
980,cota,39.860710100000006,-82.8258285,2017-12,1
981,cota,39.860710100000006,-82.8258285,2019-05,1
982,cota,39.860710100000006,-82.8258285,2019-07,1
983,coveas,0.0,0.0,2019-05,1
984,cucuta,7.889097099999999,-72.4966896,2010-01,4
985,cucuta,7.889097099999999,-72.4966896,2010-02,6
986,cucuta,7.889097099999999,-72.4966896,2010-03,6
987,cucuta,7.889097099999999,-72.4966896,2010-04,6
988,cucuta,7.889097099999999,-72.4966896,2010-05,5
989,cucuta,7.889097099999999,-72.4966896,2010-06,5
990,cucuta,7.889097099999999,-72.4966896,2010-07,17
991,cucuta,7.889097099999999,-72.4966896,2010-08,27
992,cucuta,7.889097099999999,-72.4966896,2010-09,21
993,cucuta,7.889097099999999,-72.4966896,2010-10,21
994,cucuta,7.889097099999999,-72.4966896,2010-11,16
995,cucuta,7.889097099999999,-72.4966896,2010-12,16
996,cucuta,7.889097099999999,-72.4966896,2011-01,16
997,cucuta,7.889097099999999,-72.4966896,2011-02,18
998,cucuta,7.889097099999999,-72.4966896,2011-03,11
999,cucuta,7.889097099999999,-72.4966896,2011-04,19
1000,cucuta,7.889097099999999,-72.4966896,2011-05,22
1001,cucuta,7.889097099999999,-72.4966896,2011-06,16
1002,cucuta,7.889097099999999,-72.4966896,2011-07,24
1003,cucuta,7.889097099999999,-72.4966896,2011-08,17
1004,cucuta,7.889097099999999,-72.4966896,2011-09,18
1005,cucuta,7.889097099999999,-72.4966896,2011-10,17
1006,cucuta,7.889097099999999,-72.4966896,2011-11,10
1007,cucuta,7.889097099999999,-72.4966896,2011-12,20
1008,cucuta,7.889097099999999,-72.4966896,2012-01,18
1009,cucuta,7.889097099999999,-72.4966896,2012-02,21
1010,cucuta,7.889097099999999,-72.4966896,2012-03,15
1011,cucuta,7.889097099999999,-72.4966896,2012-04,9
1012,cucuta,7.889097099999999,-72.4966896,2012-05,12
1013,cucuta,7.889097099999999,-72.4966896,2012-06,13
1014,cucuta,7.889097099999999,-72.4966896,2012-07,13
1015,cucuta,7.889097099999999,-72.4966896,2012-08,13
1016,cucuta,7.889097099999999,-72.4966896,2012-09,8
1017,cucuta,7.889097099999999,-72.4966896,2012-10,9
1018,cucuta,7.889097099999999,-72.4966896,2012-11,16
1019,cucuta,7.889097099999999,-72.4966896,2012-12,8
1020,cucuta,7.889097099999999,-72.4966896,2013-01,8
1021,cucuta,7.889097099999999,-72.4966896,2013-02,16
1022,cucuta,7.889097099999999,-72.4966896,2013-03,11
1023,cucuta,7.889097099999999,-72.4966896,2013-04,12
1024,cucuta,7.889097099999999,-72.4966896,2013-05,8
1025,cucuta,7.889097099999999,-72.4966896,2013-06,15
1026,cucuta,7.889097099999999,-72.4966896,2013-07,11
1027,cucuta,7.889097099999999,-72.4966896,2013-08,23
1028,cucuta,7.889097099999999,-72.4966896,2013-09,12
1029,cucuta,7.889097099999999,-72.4966896,2013-10,16
1030,cucuta,7.889097099999999,-72.4966896,2013-11,18
1031,cucuta,7.889097099999999,-72.4966896,2013-12,13
1032,cucuta,7.889097099999999,-72.4966896,2014-01,11
1033,cucuta,7.889097099999999,-72.4966896,2014-02,10
1034,cucuta,7.889097099999999,-72.4966896,2014-03,12
1035,cucuta,7.889097099999999,-72.4966896,2014-04,15
1036,cucuta,7.889097099999999,-72.4966896,2014-05,7
1037,cucuta,7.889097099999999,-72.4966896,2014-06,13
1038,cucuta,7.889097099999999,-72.4966896,2014-07,12
1039,cucuta,7.889097099999999,-72.4966896,2014-08,18
1040,cucuta,7.889097099999999,-72.4966896,2014-09,13
1041,cucuta,7.889097099999999,-72.4966896,2014-10,26
1042,cucuta,7.889097099999999,-72.4966896,2014-11,12
1043,cucuta,7.889097099999999,-72.4966896,2014-12,13
1044,cucuta,7.889097099999999,-72.4966896,2015-01,14
1045,cucuta,7.889097099999999,-72.4966896,2015-02,19
1046,cucuta,7.889097099999999,-72.4966896,2015-03,29
1047,cucuta,7.889097099999999,-72.4966896,2015-04,10
1048,cucuta,7.889097099999999,-72.4966896,2015-05,18
1049,cucuta,7.889097099999999,-72.4966896,2015-06,23
1050,cucuta,7.889097099999999,-72.4966896,2015-07,20
1051,cucuta,7.889097099999999,-72.4966896,2015-08,15
1052,cucuta,7.889097099999999,-72.4966896,2015-09,20
1053,cucuta,7.889097099999999,-72.4966896,2015-10,13
1054,cucuta,7.889097099999999,-72.4966896,2015-11,16
1055,cucuta,7.889097099999999,-72.4966896,2015-12,31
1056,cucuta,7.889097099999999,-72.4966896,2016-01,28
1057,cucuta,7.889097099999999,-72.4966896,2016-02,10
1058,cucuta,7.889097099999999,-72.4966896,2016-03,17
1059,cucuta,7.889097099999999,-72.4966896,2016-04,18
1060,cucuta,7.889097099999999,-72.4966896,2016-05,15
1061,cucuta,7.889097099999999,-72.4966896,2016-06,17
1062,cucuta,7.889097099999999,-72.4966896,2016-07,13
1063,cucuta,7.889097099999999,-72.4966896,2016-08,17
1064,cucuta,7.889097099999999,-72.4966896,2016-09,20
1065,cucuta,7.889097099999999,-72.4966896,2016-10,15
1066,cucuta,7.889097099999999,-72.4966896,2016-11,16
1067,cucuta,7.889097099999999,-72.4966896,2016-12,49
1068,cucuta,7.889097099999999,-72.4966896,2017-01,22
1069,cucuta,7.889097099999999,-72.4966896,2017-02,17
1070,cucuta,7.889097099999999,-72.4966896,2017-03,12
1071,cucuta,7.889097099999999,-72.4966896,2017-04,18
1072,cucuta,7.889097099999999,-72.4966896,2017-05,16
1073,cucuta,7.889097099999999,-72.4966896,2017-06,24
1074,cucuta,7.889097099999999,-72.4966896,2017-07,16
1075,cucuta,7.889097099999999,-72.4966896,2017-08,12
1076,cucuta,7.889097099999999,-72.4966896,2017-09,17
1077,cucuta,7.889097099999999,-72.4966896,2017-10,19
1078,cucuta,7.889097099999999,-72.4966896,2017-11,20
1079,cucuta,7.889097099999999,-72.4966896,2017-12,25
1080,cucuta,7.889097099999999,-72.4966896,2018-01,23
1081,cucuta,7.889097099999999,-72.4966896,2018-02,24
1082,cucuta,7.889097099999999,-72.4966896,2018-03,13
1083,cucuta,7.889097099999999,-72.4966896,2018-04,22
1084,cucuta,7.889097099999999,-72.4966896,2018-05,25
1085,cucuta,7.889097099999999,-72.4966896,2018-06,39
1086,cucuta,7.889097099999999,-72.4966896,2018-07,18
1087,cucuta,7.889097099999999,-72.4966896,2018-08,29
1088,cucuta,7.889097099999999,-72.4966896,2018-09,24
1089,cucuta,7.889097099999999,-72.4966896,2018-10,32
1090,cucuta,7.889097099999999,-72.4966896,2018-11,19
1091,cucuta,7.889097099999999,-72.4966896,2018-12,21
1092,cucuta,7.889097099999999,-72.4966896,2019-01,17
1093,cucuta,7.889097099999999,-72.4966896,2019-02,15
1094,cucuta,7.889097099999999,-72.4966896,2019-03,20
1095,cucuta,7.889097099999999,-72.4966896,2019-04,18
1096,cucuta,7.889097099999999,-72.4966896,2019-05,20
1097,cucuta,7.889097099999999,-72.4966896,2019-06,25
1098,cucuta,7.889097099999999,-72.4966896,2019-07,26
1099,cucuta,7.889097099999999,-72.4966896,2019-08,14
1100,cucuta,7.889097099999999,-72.4966896,2019-09,25
1101,cucuta,7.889097099999999,-72.4966896,2019-10,19
1102,cucuta,7.889097099999999,-72.4966896,2019-11,23
1103,cucuta,7.889097099999999,-72.4966896,2019-12,26
1104,cucuta,7.889097099999999,-72.4966896,2020-01,11
1105,cucuta,7.889097099999999,-72.4966896,2020-02,13
1106,cucuta,7.889097099999999,-72.4966896,2020-03,7
1107,cucuta,7.889097099999999,-72.4966896,2020-04,8
1108,cucuta,7.889097099999999,-72.4966896,2020-05,14
1109,cucuta,7.889097099999999,-72.4966896,2020-06,8
1110,cucuta,7.889097099999999,-72.4966896,2020-07,15
1111,cucuta,7.889097099999999,-72.4966896,2020-08,4
1112,cucuta,7.889097099999999,-72.4966896,2020-09,7
1113,cucuta,7.889097099999999,-72.4966896,2020-10,1
1114,cucuta,7.889097099999999,-72.4966896,2020-11,6
1115,cucuta,7.889097099999999,-72.4966896,2020-12,4
1116,cuenca,-2.9001285,-79.00589649999998,2020-07,1
1117,cumbal,0.9073939,-77.79141070000001,2019-05,1
1118,cumbal,0.9073939,-77.79141070000001,2019-09,1
1119,cumbal,0.9073939,-77.79141070000001,2019-12,1
1120,cumbal,0.9073939,-77.79141070000001,2020-02,1
1121,cumbal,0.9073939,-77.79141070000001,2020-07,1
1122,cumbal,0.9073939,-77.79141070000001,2020-11,1
1123,dosquebradas,4.831825599999999,-75.68056779999998,2013-10,1
1124,dosquebradas,4.831825599999999,-75.68056779999998,2017-01,9
1125,dosquebradas,4.831825599999999,-75.68056779999998,2017-02,7
1126,dosquebradas,4.831825599999999,-75.68056779999998,2017-03,2
1127,dosquebradas,4.831825599999999,-75.68056779999998,2017-04,5
1128,dosquebradas,4.831825599999999,-75.68056779999998,2017-05,7
1129,dosquebradas,4.831825599999999,-75.68056779999998,2017-06,7
1130,dosquebradas,4.831825599999999,-75.68056779999998,2017-07,6
1131,dosquebradas,4.831825599999999,-75.68056779999998,2017-08,9
1132,dosquebradas,4.831825599999999,-75.68056779999998,2017-09,16
1133,dosquebradas,4.831825599999999,-75.68056779999998,2017-10,4
1134,dosquebradas,4.831825599999999,-75.68056779999998,2017-11,14
1135,dosquebradas,4.831825599999999,-75.68056779999998,2017-12,11
1136,dosquebradas,4.831825599999999,-75.68056779999998,2018-01,11
1137,dosquebradas,4.831825599999999,-75.68056779999998,2018-02,3
1138,dosquebradas,4.831825599999999,-75.68056779999998,2018-03,5
1139,dosquebradas,4.831825599999999,-75.68056779999998,2018-04,2
1140,dosquebradas,4.831825599999999,-75.68056779999998,2018-10,3
1141,dosquebradas,4.831825599999999,-75.68056779999998,2019-03,1
1142,dosquebradas,4.831825599999999,-75.68056779999998,2019-05,2
1143,dosquebradas,4.831825599999999,-75.68056779999998,2019-09,2
1144,dosquebradas,4.831825599999999,-75.68056779999998,2019-12,3
1145,dosquebradas,4.831825599999999,-75.68056779999998,2020-04,1
1146,dosquebradas,4.831825599999999,-75.68056779999998,2020-06,3
1147,dosquebradas,4.831825599999999,-75.68056779999998,2020-07,1
1148,duitama,5.8268951,-73.0329273,2010-09,2
1149,duitama,5.8268951,-73.0329273,2010-10,2
1150,duitama,5.8268951,-73.0329273,2011-03,1
1151,duitama,5.8268951,-73.0329273,2011-08,1
1152,duitama,5.8268951,-73.0329273,2012-07,1
1153,duitama,5.8268951,-73.0329273,2012-10,1
1154,duitama,5.8268951,-73.0329273,2013-02,1
1155,duitama,5.8268951,-73.0329273,2013-12,1
1156,duitama,5.8268951,-73.0329273,2017-04,1
1157,duitama,5.8268951,-73.0329273,2018-03,1
1158,duitama,5.8268951,-73.0329273,2019-03,1
1159,duitama,5.8268951,-73.0329273,2019-11,1
1160,el carmen de viboral,6.083056,-75.335278,2015-04,1
1161,el carmen de viboral,6.083056,-75.335278,2015-05,1
1162,el carmen de viboral,6.083056,-75.335278,2020-07,1
1163,el paso,31.7618778,-106.48502169999999,2018-12,1
1164,el paso,31.7618778,-106.48502169999999,2020-05,1
1165,el santuario,26.0143858,-97.5310622,2017-04,1
1166,el santuario,26.0143858,-97.5310622,2020-02,2
1167,el tarra,8.57451,-73.09339,2012-12,1
1168,el zulia,7.937289,-72.604826,2019-12,1
1169,el zulia,7.937289,-72.604826,2020-07,1
1170,envigado,6.167286499999999,-75.5836963,2014-11,1
1171,envigado,6.167286499999999,-75.5836963,2018-11,1
1172,envigado,6.167286499999999,-75.5836963,2019-06,1
1173,envigado,6.167286499999999,-75.5836963,2019-08,1
1174,envigado,6.167286499999999,-75.5836963,2019-10,1
1175,envigado,6.167286499999999,-75.5836963,2019-12,1
1176,envigado,6.167286499999999,-75.5836963,2020-02,2
1177,facatativa,4.809984,-74.35400899999998,2014-02,1
1178,facatativa,4.809984,-74.35400899999998,2014-09,2
1179,facatativa,4.809984,-74.35400899999998,2015-07,1
1180,facatativa,4.809984,-74.35400899999998,2015-09,1
1181,facatativa,4.809984,-74.35400899999998,2015-12,1
1182,facatativa,4.809984,-74.35400899999998,2016-01,1
1183,facatativa,4.809984,-74.35400899999998,2016-02,2
1184,facatativa,4.809984,-74.35400899999998,2016-03,1
1185,facatativa,4.809984,-74.35400899999998,2016-08,2
1186,facatativa,4.809984,-74.35400899999998,2016-09,1
1187,facatativa,4.809984,-74.35400899999998,2016-10,1
1188,facatativa,4.809984,-74.35400899999998,2016-11,1
1189,facatativa,4.809984,-74.35400899999998,2017-03,1
1190,facatativa,4.809984,-74.35400899999998,2017-04,1
1191,facatativa,4.809984,-74.35400899999998,2017-05,2
1192,facatativa,4.809984,-74.35400899999998,2017-08,1
1193,facatativa,4.809984,-74.35400899999998,2018-01,1
1194,facatativa,4.809984,-74.35400899999998,2018-02,1
1195,facatativa,4.809984,-74.35400899999998,2018-04,2
1196,facatativa,4.809984,-74.35400899999998,2018-05,1
1197,facatativa,4.809984,-74.35400899999998,2018-07,1
1198,facatativa,4.809984,-74.35400899999998,2018-11,1
1199,facatativa,4.809984,-74.35400899999998,2019-03,1
1200,facatativa,4.809984,-74.35400899999998,2019-07,1
1201,facatativa,4.809984,-74.35400899999998,2019-09,1
1202,facatativa,4.809984,-74.35400899999998,2019-10,2
1203,facatativa,4.809984,-74.35400899999998,2019-12,2
1204,facatativa,4.809984,-74.35400899999998,2020-02,1
1205,facatativa,4.809984,-74.35400899999998,2020-05,1
1206,florencia,43.769560399999996,11.2558136,2017-11,2
1207,florencia,43.769560399999996,11.2558136,2017-12,3
1208,florencia,43.769560399999996,11.2558136,2018-04,1
1209,florencia,43.769560399999996,11.2558136,2018-05,3
1210,florencia,43.769560399999996,11.2558136,2018-06,1
1211,florencia,43.769560399999996,11.2558136,2018-07,3
1212,florencia,43.769560399999996,11.2558136,2018-08,1
1213,florencia,43.769560399999996,11.2558136,2018-09,2
1214,florencia,43.769560399999996,11.2558136,2018-11,2
1215,florencia,43.769560399999996,11.2558136,2019-01,1
1216,florencia,43.769560399999996,11.2558136,2019-03,1
1217,florida,27.664827399999997,-81.5157535,2019-09,1
1218,floridablanca,7.072056799999999,-73.10682270000001,2019-02,2
1219,floridablanca,7.072056799999999,-73.10682270000001,2019-11,1
1220,floridablanca,7.072056799999999,-73.10682270000001,2019-12,1
1221,fonseca,10.886123,-72.85151499999998,2012-05,1
1222,fonseca,10.886123,-72.85151499999998,2015-06,1
1223,fonseca,10.886123,-72.85151499999998,2016-08,1
1224,fonseca,10.886123,-72.85151499999998,2017-06,1
1225,fonseca,10.886123,-72.85151499999998,2017-09,1
1226,fonseca,10.886123,-72.85151499999998,2018-03,1
1227,fonseca,10.886123,-72.85151499999998,2018-04,1
1228,fonseca,10.886123,-72.85151499999998,2018-05,1
1229,fonseca,10.886123,-72.85151499999998,2018-08,1
1230,fonseca,10.886123,-72.85151499999998,2019-03,1
1231,fonseca,10.886123,-72.85151499999998,2019-05,1
1232,fonseca,10.886123,-72.85151499999998,2019-07,1
1233,fonseca,10.886123,-72.85151499999998,2020-11,1
1234,fortul,6.7943669999999985,-71.7715489,2011-07,2
1235,fortul,6.7943669999999985,-71.7715489,2011-12,2
1236,fundacion,10.517178999999999,-74.1819979,2011-04,2
1237,fundacion,10.517178999999999,-74.1819979,2011-06,1
1238,fundacion,10.517178999999999,-74.1819979,2011-08,1
1239,fundacion,10.517178999999999,-74.1819979,2012-08,1
1240,fundacion,10.517178999999999,-74.1819979,2013-06,1
1241,fundacion,10.517178999999999,-74.1819979,2014-04,1
1242,fundacion,10.517178999999999,-74.1819979,2014-07,1
1243,fundacion,10.517178999999999,-74.1819979,2018-08,1
1244,fundacion,10.517178999999999,-74.1819979,2018-09,1
1245,fundacion,10.517178999999999,-74.1819979,2018-12,1
1246,fundacion,10.517178999999999,-74.1819979,2019-08,1
1247,fundacion,10.517178999999999,-74.1819979,2019-10,1
1248,fundacion,10.517178999999999,-74.1819979,2019-12,2
1249,fusagasuga,4.345152,-74.361823,2010-09,1
1250,fusagasuga,4.345152,-74.361823,2011-02,1
1251,fusagasuga,4.345152,-74.361823,2011-04,1
1252,fusagasuga,4.345152,-74.361823,2011-05,4
1253,fusagasuga,4.345152,-74.361823,2011-06,3
1254,fusagasuga,4.345152,-74.361823,2011-08,1
1255,fusagasuga,4.345152,-74.361823,2011-09,2
1256,fusagasuga,4.345152,-74.361823,2012-07,1
1257,fusagasuga,4.345152,-74.361823,2012-09,1
1258,fusagasuga,4.345152,-74.361823,2013-02,1
1259,fusagasuga,4.345152,-74.361823,2013-03,1
1260,fusagasuga,4.345152,-74.361823,2013-05,1
1261,fusagasuga,4.345152,-74.361823,2013-06,1
1262,fusagasuga,4.345152,-74.361823,2013-11,1
1263,fusagasuga,4.345152,-74.361823,2014-02,1
1264,fusagasuga,4.345152,-74.361823,2014-06,1
1265,fusagasuga,4.345152,-74.361823,2014-07,2
1266,fusagasuga,4.345152,-74.361823,2014-08,1
1267,fusagasuga,4.345152,-74.361823,2014-09,1
1268,fusagasuga,4.345152,-74.361823,2015-01,1
1269,fusagasuga,4.345152,-74.361823,2015-03,1
1270,fusagasuga,4.345152,-74.361823,2015-04,1
1271,fusagasuga,4.345152,-74.361823,2015-05,1
1272,fusagasuga,4.345152,-74.361823,2015-08,1
1273,fusagasuga,4.345152,-74.361823,2015-09,1
1274,fusagasuga,4.345152,-74.361823,2016-02,1
1275,fusagasuga,4.345152,-74.361823,2016-07,1
1276,fusagasuga,4.345152,-74.361823,2016-10,4
1277,fusagasuga,4.345152,-74.361823,2016-12,1
1278,fusagasuga,4.345152,-74.361823,2017-01,1
1279,fusagasuga,4.345152,-74.361823,2017-02,2
1280,fusagasuga,4.345152,-74.361823,2017-07,1
1281,fusagasuga,4.345152,-74.361823,2017-09,1
1282,fusagasuga,4.345152,-74.361823,2017-11,1
1283,fusagasuga,4.345152,-74.361823,2017-12,1
1284,fusagasuga,4.345152,-74.361823,2018-04,1
1285,fusagasuga,4.345152,-74.361823,2018-05,1
1286,fusagasuga,4.345152,-74.361823,2018-07,1
1287,fusagasuga,4.345152,-74.361823,2019-06,1
1288,fusagasuga,4.345152,-74.361823,2019-10,1
1289,fusagasuga,4.345152,-74.361823,2020-06,1
1290,gacheta,4.816972,-73.63630599999998,2020-11,1
1291,galapa,10.8996383,-74.88618819999998,2018-09,1
1292,galapa br villa olimpica,10.8996383,-74.88618819999998,2020-07,1
1293,garzon,-34.593287,-54.543035700000004,2017-02,1
1294,garzon,-34.593287,-54.543035700000004,2017-07,1
1295,garzon,-34.593287,-54.543035700000004,2018-02,1
1296,garzon,-34.593287,-54.543035700000004,2019-09,1
1297,garzon,-34.593287,-54.543035700000004,2020-01,1
1298,garzon,-34.593287,-54.543035700000004,2020-03,1
1299,girardot,4.304595900000001,-74.80314140000002,2010-09,1
1300,girardot,4.304595900000001,-74.80314140000002,2011-04,1
1301,girardot,4.304595900000001,-74.80314140000002,2011-05,1
1302,girardot,4.304595900000001,-74.80314140000002,2011-09,1
1303,girardot,4.304595900000001,-74.80314140000002,2011-10,1
1304,girardot,4.304595900000001,-74.80314140000002,2011-11,1
1305,girardot,4.304595900000001,-74.80314140000002,2012-01,1
1306,girardot,4.304595900000001,-74.80314140000002,2012-04,1
1307,girardot,4.304595900000001,-74.80314140000002,2012-07,1
1308,girardot,4.304595900000001,-74.80314140000002,2012-12,1
1309,girardot,4.304595900000001,-74.80314140000002,2013-04,1
1310,girardot,4.304595900000001,-74.80314140000002,2013-05,1
1311,girardot,4.304595900000001,-74.80314140000002,2013-06,2
1312,girardot,4.304595900000001,-74.80314140000002,2013-07,1
1313,girardot,4.304595900000001,-74.80314140000002,2013-08,1
1314,girardot,4.304595900000001,-74.80314140000002,2014-06,1
1315,girardot,4.304595900000001,-74.80314140000002,2014-08,1
1316,girardot,4.304595900000001,-74.80314140000002,2014-10,1
1317,girardot,4.304595900000001,-74.80314140000002,2014-11,1
1318,girardot,4.304595900000001,-74.80314140000002,2014-12,1
1319,girardot,4.304595900000001,-74.80314140000002,2015-01,2
1320,girardot,4.304595900000001,-74.80314140000002,2015-05,2
1321,girardot,4.304595900000001,-74.80314140000002,2015-06,1
1322,girardot,4.304595900000001,-74.80314140000002,2015-12,1
1323,girardot,4.304595900000001,-74.80314140000002,2016-01,1
1324,girardot,4.304595900000001,-74.80314140000002,2016-03,1
1325,girardot,4.304595900000001,-74.80314140000002,2016-05,2
1326,girardot,4.304595900000001,-74.80314140000002,2017-02,1
1327,girardot,4.304595900000001,-74.80314140000002,2017-06,1
1328,girardot,4.304595900000001,-74.80314140000002,2017-07,1
1329,girardot,4.304595900000001,-74.80314140000002,2017-09,1
1330,girardot,4.304595900000001,-74.80314140000002,2018-07,1
1331,girardot,4.304595900000001,-74.80314140000002,2018-08,1
1332,girardot,4.304595900000001,-74.80314140000002,2019-10,2
1333,girardota,6.3774241,-75.44556620000002,2016-09,1
1334,giron,40.70868529999999,-74.0115486,2011-04,1
1335,giron,40.70868529999999,-74.0115486,2018-05,1
1336,giron,40.70868529999999,-74.0115486,2018-06,1
1337,giron,40.70868529999999,-74.0115486,2018-07,1
1338,giron,40.70868529999999,-74.0115486,2018-08,2
1339,giron,40.70868529999999,-74.0115486,2018-09,1
1340,giron,40.70868529999999,-74.0115486,2018-10,2
1341,giron,40.70868529999999,-74.0115486,2018-11,3
1342,giron,40.70868529999999,-74.0115486,2019-02,1
1343,giron,40.70868529999999,-74.0115486,2019-03,1
1344,giron,40.70868529999999,-74.0115486,2019-05,1
1345,giron,40.70868529999999,-74.0115486,2019-06,1
1346,giron,40.70868529999999,-74.0115486,2019-09,2
1347,giron,40.70868529999999,-74.0115486,2019-11,1
1348,giron,40.70868529999999,-74.0115486,2020-02,2
1349,giron,40.70868529999999,-74.0115486,2020-05,1
1350,giron,40.70868529999999,-74.0115486,2020-06,1
1351,giron,40.70868529999999,-74.0115486,2020-09,1
1352,granada,37.17733629999999,-3.5985571000000003,2018-10,1
1353,granada,37.17733629999999,-3.5985571000000003,2018-11,1
1354,granada,37.17733629999999,-3.5985571000000003,2018-12,1
1355,guadalajara de buga,3.8946047999999993,-76.3055772,2018-03,1
1356,guadalajara de buga,3.8946047999999993,-76.3055772,2018-11,1
1357,guadalajara de buga,3.8946047999999993,-76.3055772,2019-01,1
1358,guaduas,5.0678088,-74.5953205,2019-02,1
1359,guarne,6.2825086,-75.44459719999998,2012-04,7
1360,guarne,6.2825086,-75.44459719999998,2013-12,1
1361,guarne,6.2825086,-75.44459719999998,2014-04,1
1362,guarne,6.2825086,-75.44459719999998,2015-05,1
1363,guarne,6.2825086,-75.44459719999998,2016-03,1
1364,guayaquil,-2.1894127999999995,-79.8890662,2019-10,1
1365,guayas,-1.9574839,-79.9192702,2018-10,1
1366,guayas,-1.9574839,-79.9192702,2020-02,1
1367,ibague,4.4446759999999985,-75.24243799999998,2010-06,1
1368,ibague,4.4446759999999985,-75.24243799999998,2010-09,1
1369,ibague,4.4446759999999985,-75.24243799999998,2010-12,1
1370,ibague,4.4446759999999985,-75.24243799999998,2011-01,1
1371,ibague,4.4446759999999985,-75.24243799999998,2011-02,1
1372,ibague,4.4446759999999985,-75.24243799999998,2011-06,1
1373,ibague,4.4446759999999985,-75.24243799999998,2011-10,2
1374,ibague,4.4446759999999985,-75.24243799999998,2011-11,1
1375,ibague,4.4446759999999985,-75.24243799999998,2011-12,1
1376,ibague,4.4446759999999985,-75.24243799999998,2012-04,1
1377,ibague,4.4446759999999985,-75.24243799999998,2012-06,2
1378,ibague,4.4446759999999985,-75.24243799999998,2012-09,1
1379,ibague,4.4446759999999985,-75.24243799999998,2012-10,3
1380,ibague,4.4446759999999985,-75.24243799999998,2012-12,1
1381,ibague,4.4446759999999985,-75.24243799999998,2013-03,1
1382,ibague,4.4446759999999985,-75.24243799999998,2013-07,1
1383,ibague,4.4446759999999985,-75.24243799999998,2013-10,2
1384,ibague,4.4446759999999985,-75.24243799999998,2013-11,2
1385,ibague,4.4446759999999985,-75.24243799999998,2014-01,1
1386,ibague,4.4446759999999985,-75.24243799999998,2014-03,2
1387,ibague,4.4446759999999985,-75.24243799999998,2014-05,1
1388,ibague,4.4446759999999985,-75.24243799999998,2014-06,1
1389,ibague,4.4446759999999985,-75.24243799999998,2014-08,1
1390,ibague,4.4446759999999985,-75.24243799999998,2014-10,1
1391,ibague,4.4446759999999985,-75.24243799999998,2015-03,1
1392,ibague,4.4446759999999985,-75.24243799999998,2015-04,1
1393,ibague,4.4446759999999985,-75.24243799999998,2015-05,2
1394,ibague,4.4446759999999985,-75.24243799999998,2015-06,2
1395,ibague,4.4446759999999985,-75.24243799999998,2015-07,2
1396,ibague,4.4446759999999985,-75.24243799999998,2015-08,1
1397,ibague,4.4446759999999985,-75.24243799999998,2015-12,1
1398,ibague,4.4446759999999985,-75.24243799999998,2016-02,1
1399,ibague,4.4446759999999985,-75.24243799999998,2016-03,3
1400,ibague,4.4446759999999985,-75.24243799999998,2016-04,1
1401,ibague,4.4446759999999985,-75.24243799999998,2016-07,1
1402,ibague,4.4446759999999985,-75.24243799999998,2017-02,1
1403,ibague,4.4446759999999985,-75.24243799999998,2017-03,1
1404,ibague,4.4446759999999985,-75.24243799999998,2017-04,1
1405,ibague,4.4446759999999985,-75.24243799999998,2017-05,1
1406,ibague,4.4446759999999985,-75.24243799999998,2017-06,1
1407,ibague,4.4446759999999985,-75.24243799999998,2017-07,3
1408,ibague,4.4446759999999985,-75.24243799999998,2017-09,1
1409,ibague,4.4446759999999985,-75.24243799999998,2017-10,1
1410,ibague,4.4446759999999985,-75.24243799999998,2017-11,1
1411,ibague,4.4446759999999985,-75.24243799999998,2017-12,1
1412,ibague,4.4446759999999985,-75.24243799999998,2018-05,2
1413,ibague,4.4446759999999985,-75.24243799999998,2018-06,1
1414,ibague,4.4446759999999985,-75.24243799999998,2018-08,1
1415,ibague,4.4446759999999985,-75.24243799999998,2018-12,1
1416,ibague,4.4446759999999985,-75.24243799999998,2019-01,1
1417,ibague,4.4446759999999985,-75.24243799999998,2019-02,3
1418,ibague,4.4446759999999985,-75.24243799999998,2019-04,1
1419,ibague,4.4446759999999985,-75.24243799999998,2019-07,2
1420,ibague,4.4446759999999985,-75.24243799999998,2019-09,1
1421,ibague,4.4446759999999985,-75.24243799999998,2019-11,2
1422,ibague,4.4446759999999985,-75.24243799999998,2019-12,3
1423,ipiales,0.8300200000000001,-77.6415554,2011-09,1
1424,ipiales,0.8300200000000001,-77.6415554,2011-12,2
1425,ipiales,0.8300200000000001,-77.6415554,2013-04,1
1426,ipiales,0.8300200000000001,-77.6415554,2013-10,1
1427,ipiales,0.8300200000000001,-77.6415554,2014-04,1
1428,ipiales,0.8300200000000001,-77.6415554,2014-11,2
1429,ipiales,0.8300200000000001,-77.6415554,2016-01,1
1430,ipiales,0.8300200000000001,-77.6415554,2016-04,1
1431,ipiales,0.8300200000000001,-77.6415554,2016-07,1
1432,ipiales,0.8300200000000001,-77.6415554,2016-09,1
1433,ipiales,0.8300200000000001,-77.6415554,2017-06,1
1434,ipiales,0.8300200000000001,-77.6415554,2017-09,1
1435,ipiales,0.8300200000000001,-77.6415554,2017-10,1
1436,ipiales,0.8300200000000001,-77.6415554,2017-12,1
1437,ipiales,0.8300200000000001,-77.6415554,2018-06,1
1438,ipiales,0.8300200000000001,-77.6415554,2018-07,2
1439,ipiales,0.8300200000000001,-77.6415554,2018-11,1
1440,ipiales,0.8300200000000001,-77.6415554,2018-12,1
1441,ipiales,0.8300200000000001,-77.6415554,2019-02,1
1442,ipiales,0.8300200000000001,-77.6415554,2019-06,1
1443,ipiales,0.8300200000000001,-77.6415554,2019-11,1
1444,ipiales,0.8300200000000001,-77.6415554,2020-01,1
1445,istmina,5.157448899999999,-76.68808990000001,2018-08,1
1446,itagui,6.1681832000000005,-75.61903240000001,2010-08,1
1447,itagui,6.1681832000000005,-75.61903240000001,2010-12,2
1448,itagui,6.1681832000000005,-75.61903240000001,2011-07,1
1449,itagui,6.1681832000000005,-75.61903240000001,2011-11,2
1450,itagui,6.1681832000000005,-75.61903240000001,2012-01,1
1451,itagui,6.1681832000000005,-75.61903240000001,2012-03,1
1452,itagui,6.1681832000000005,-75.61903240000001,2012-10,1
1453,itagui,6.1681832000000005,-75.61903240000001,2016-08,1
1454,itagui,6.1681832000000005,-75.61903240000001,2017-09,1
1455,itagui,6.1681832000000005,-75.61903240000001,2018-01,1
1456,itagui,6.1681832000000005,-75.61903240000001,2019-06,1
1457,itagui,6.1681832000000005,-75.61903240000001,2019-10,1
1458,itagui,6.1681832000000005,-75.61903240000001,2019-12,1
1459,itagui,6.1681832000000005,-75.61903240000001,2020-01,1
1460,itagui,6.1681832000000005,-75.61903240000001,2020-04,1
1461,itagui,6.1681832000000005,-75.61903240000001,2020-06,3
1462,jamund,0.0,0.0,2010-02,1
1463,jamund,0.0,0.0,2015-11,1
1464,jamund,0.0,0.0,2018-10,1
1465,jamundi,3.2617697,-76.5403266,2019-04,1
1466,jamundi,3.2617697,-76.5403266,2019-08,1
1467,jerico,31.8611058,35.4617583,2020-02,1
1468,juan de acosta,10.829092,-75.03585799999998,2017-12,1
1469,la ceja,6.0298998,-75.4305712,2016-08,1
1470,la ceja,6.0298998,-75.4305712,2017-04,1
1471,la ceja,6.0298998,-75.4305712,2017-09,1
1472,la dorada,25.8525733,-80.1199865,2011-07,1
1473,la dorada,25.8525733,-80.1199865,2011-11,2
1474,la dorada,25.8525733,-80.1199865,2011-12,1
1475,la dorada,25.8525733,-80.1199865,2012-04,1
1476,la dorada,25.8525733,-80.1199865,2013-07,1
1477,la dorada,25.8525733,-80.1199865,2014-09,1
1478,la dorada,25.8525733,-80.1199865,2015-03,1
1479,la dorada,25.8525733,-80.1199865,2015-11,2
1480,la dorada,25.8525733,-80.1199865,2016-02,1
1481,la dorada,25.8525733,-80.1199865,2016-03,1
1482,la dorada,25.8525733,-80.1199865,2016-04,1
1483,la dorada,25.8525733,-80.1199865,2016-09,1
1484,la dorada,25.8525733,-80.1199865,2016-10,1
1485,la dorada,25.8525733,-80.1199865,2017-04,1
1486,la dorada,25.8525733,-80.1199865,2017-10,1
1487,la dorada,25.8525733,-80.1199865,2017-12,1
1488,la dorada,25.8525733,-80.1199865,2019-02,1
1489,la estrella,6.1511448999999985,-75.636623,2017-05,1
1490,la estrella,6.1511448999999985,-75.636623,2019-12,1
1491,la fria,8.2143135,-72.2511833,2016-10,1
1492,la gabarra,8.9973046,-72.90004470000001,2020-05,1
1493,la guaira,10.602478699999999,-66.9313444,2011-04,2
1494,la guaira,10.602478699999999,-66.9313444,2011-06,2
1495,la guaira,10.602478699999999,-66.9313444,2011-10,1
1496,la guaira,10.602478699999999,-66.9313444,2012-02,1
1497,la guaira,10.602478699999999,-66.9313444,2012-04,3
1498,la guaira,10.602478699999999,-66.9313444,2012-05,2
1499,la guaira,10.602478699999999,-66.9313444,2012-07,1
1500,la guaira,10.602478699999999,-66.9313444,2012-09,1
1501,la guaira,10.602478699999999,-66.9313444,2013-08,1
1502,la jagua de ibirico,9.5642946,-73.33589979999998,2011-04,1
1503,la jagua de ibirico,9.5642946,-73.33589979999998,2012-02,1
1504,la jagua de ibirico,9.5642946,-73.33589979999998,2017-09,1
1505,la jagua de ibirico,9.5642946,-73.33589979999998,2018-07,1
1506,la mesa,41.291525,-96.1614083,2017-07,1
1507,la mesa,41.291525,-96.1614083,2018-04,1
1508,la tebaida,4.453588,-75.79153000000001,2017-05,1
1509,la tebaida,4.453588,-75.79153000000001,2017-12,1
1510,la tebaida,4.453588,-75.79153000000001,2018-12,1
1511,la tebaida,4.453588,-75.79153000000001,2019-01,3
1512,la tebaida,4.453588,-75.79153000000001,2019-09,1
1513,la tebaida,4.453588,-75.79153000000001,2019-10,1
1514,la tebaida,4.453588,-75.79153000000001,2020-01,1
1515,la virginia,4.9019631,-75.88444020000001,2019-07,1
1516,leticia,-4.2031649999999985,-69.935907,2017-04,1
1517,leticia,-4.2031649999999985,-69.935907,2018-04,1
1518,leticia,-4.2031649999999985,-69.935907,2018-09,1
1519,leticia,-4.2031649999999985,-69.935907,2019-05,1
1520,lorica,43.647474,-79.396203,2018-04,1
1521,lorica,43.647474,-79.396203,2019-05,1
1522,lorica,43.647474,-79.396203,2019-07,1
1523,lorica,43.647474,-79.396203,2019-08,1
1524,lorica,43.647474,-79.396203,2019-10,1
1525,los patios,39.690155,-86.2749786,2010-10,1
1526,los patios,39.690155,-86.2749786,2011-01,1
1527,los patios,39.690155,-86.2749786,2011-04,1
1528,los patios,39.690155,-86.2749786,2011-05,1
1529,los patios,39.690155,-86.2749786,2011-08,1
1530,los patios,39.690155,-86.2749786,2011-09,2
1531,los patios,39.690155,-86.2749786,2011-10,2
1532,los patios,39.690155,-86.2749786,2012-03,1
1533,los patios,39.690155,-86.2749786,2012-08,1
1534,los patios,39.690155,-86.2749786,2013-04,1
1535,los patios,39.690155,-86.2749786,2013-06,1
1536,los patios,39.690155,-86.2749786,2013-07,1
1537,los patios,39.690155,-86.2749786,2013-08,3
1538,los patios,39.690155,-86.2749786,2013-09,1
1539,los patios,39.690155,-86.2749786,2014-01,1
1540,los patios,39.690155,-86.2749786,2014-05,1
1541,los patios,39.690155,-86.2749786,2014-09,1
1542,los patios,39.690155,-86.2749786,2015-02,1
1543,los patios,39.690155,-86.2749786,2015-05,1
1544,los patios,39.690155,-86.2749786,2015-09,1
1545,los patios,39.690155,-86.2749786,2016-03,2
1546,los patios,39.690155,-86.2749786,2016-06,1
1547,los patios,39.690155,-86.2749786,2016-11,1
1548,los patios,39.690155,-86.2749786,2016-12,1
1549,los patios,39.690155,-86.2749786,2017-01,1
1550,los patios,39.690155,-86.2749786,2017-02,1
1551,los patios,39.690155,-86.2749786,2017-08,1
1552,los patios,39.690155,-86.2749786,2017-11,1
1553,los patios,39.690155,-86.2749786,2017-12,1
1554,los patios,39.690155,-86.2749786,2018-02,2
1555,los patios,39.690155,-86.2749786,2018-03,1
1556,los patios,39.690155,-86.2749786,2018-04,1
1557,los patios,39.690155,-86.2749786,2018-05,3
1558,los patios,39.690155,-86.2749786,2018-07,2
1559,los patios,39.690155,-86.2749786,2018-09,1
1560,los patios,39.690155,-86.2749786,2018-11,2
1561,los patios,39.690155,-86.2749786,2019-02,1
1562,los patios,39.690155,-86.2749786,2019-03,1
1563,los patios,39.690155,-86.2749786,2019-04,1
1564,los patios,39.690155,-86.2749786,2019-07,1
1565,los patios,39.690155,-86.2749786,2019-09,1
1566,los patios,39.690155,-86.2749786,2019-10,1
1567,los patios,39.690155,-86.2749786,2019-11,1
1568,los patios,39.690155,-86.2749786,2020-05,1
1569,los patios,39.690155,-86.2749786,2020-09,1
1570,los patios,39.690155,-86.2749786,2020-10,1
1571,madrid,40.4167754,-3.7037902000000003,2020-06,1
1572,magangue,9.2414156,-74.7527587,2011-05,2
1573,magangue,9.2414156,-74.7527587,2012-02,1
1574,magangue,9.2414156,-74.7527587,2012-03,2
1575,magangue,9.2414156,-74.7527587,2012-09,1
1576,magangue,9.2414156,-74.7527587,2012-10,1
1577,magangue,9.2414156,-74.7527587,2013-01,1
1578,magangue,9.2414156,-74.7527587,2013-07,1
1579,magangue,9.2414156,-74.7527587,2013-12,3
1580,magangue,9.2414156,-74.7527587,2014-11,1
1581,magangue,9.2414156,-74.7527587,2017-05,1
1582,magangue,9.2414156,-74.7527587,2018-06,1
1583,magangue,9.2414156,-74.7527587,2019-06,1
1584,maicao,11.380054300000001,-72.2422465,2013-09,1
1585,maicao,11.380054300000001,-72.2422465,2013-11,2
1586,maicao,11.380054300000001,-72.2422465,2015-08,1
1587,maicao,11.380054300000001,-72.2422465,2015-11,1
1588,maicao,11.380054300000001,-72.2422465,2017-06,1
1589,maicao,11.380054300000001,-72.2422465,2018-05,1
1590,maicao,11.380054300000001,-72.2422465,2019-02,2
1591,majagual,8.486527800000001,-74.7337069,2019-11,1
1592,malambo,10.8575824,-74.7746834,2018-02,1
1593,malambo,10.8575824,-74.7746834,2018-05,1
1594,manizales,5.0629743,-75.5027698,2010-06,2
1595,manizales,5.0629743,-75.5027698,2010-07,1
1596,manizales,5.0629743,-75.5027698,2010-09,3
1597,manizales,5.0629743,-75.5027698,2010-10,3
1598,manizales,5.0629743,-75.5027698,2010-11,4
1599,manizales,5.0629743,-75.5027698,2010-12,2
1600,manizales,5.0629743,-75.5027698,2011-01,2
1601,manizales,5.0629743,-75.5027698,2011-05,2
1602,manizales,5.0629743,-75.5027698,2011-06,2
1603,manizales,5.0629743,-75.5027698,2011-07,1
1604,manizales,5.0629743,-75.5027698,2011-08,2
1605,manizales,5.0629743,-75.5027698,2011-11,3
1606,manizales,5.0629743,-75.5027698,2011-12,1
1607,manizales,5.0629743,-75.5027698,2012-02,1
1608,manizales,5.0629743,-75.5027698,2012-04,1
1609,manizales,5.0629743,-75.5027698,2012-05,3
1610,manizales,5.0629743,-75.5027698,2012-06,1
1611,manizales,5.0629743,-75.5027698,2012-07,1
1612,manizales,5.0629743,-75.5027698,2012-11,1
1613,manizales,5.0629743,-75.5027698,2012-12,1
1614,manizales,5.0629743,-75.5027698,2013-01,1
1615,manizales,5.0629743,-75.5027698,2013-02,1
1616,manizales,5.0629743,-75.5027698,2013-07,2
1617,manizales,5.0629743,-75.5027698,2013-09,2
1618,manizales,5.0629743,-75.5027698,2013-10,2
1619,manizales,5.0629743,-75.5027698,2013-11,2
1620,manizales,5.0629743,-75.5027698,2013-12,1
1621,manizales,5.0629743,-75.5027698,2014-05,3
1622,manizales,5.0629743,-75.5027698,2014-06,1
1623,manizales,5.0629743,-75.5027698,2014-07,1
1624,manizales,5.0629743,-75.5027698,2014-08,2
1625,manizales,5.0629743,-75.5027698,2014-09,1
1626,manizales,5.0629743,-75.5027698,2015-03,2
1627,manizales,5.0629743,-75.5027698,2015-05,1
1628,manizales,5.0629743,-75.5027698,2015-06,1
1629,manizales,5.0629743,-75.5027698,2015-09,2
1630,manizales,5.0629743,-75.5027698,2015-11,1
1631,manizales,5.0629743,-75.5027698,2016-02,1
1632,manizales,5.0629743,-75.5027698,2016-03,2
1633,manizales,5.0629743,-75.5027698,2016-04,1
1634,manizales,5.0629743,-75.5027698,2016-07,1
1635,manizales,5.0629743,-75.5027698,2016-08,1
1636,manizales,5.0629743,-75.5027698,2016-10,2
1637,manizales,5.0629743,-75.5027698,2016-11,1
1638,manizales,5.0629743,-75.5027698,2017-01,1
1639,manizales,5.0629743,-75.5027698,2017-04,1
1640,manizales,5.0629743,-75.5027698,2017-05,1
1641,manizales,5.0629743,-75.5027698,2017-07,2
1642,manizales,5.0629743,-75.5027698,2017-10,1
1643,manizales,5.0629743,-75.5027698,2017-11,3
1644,manizales,5.0629743,-75.5027698,2017-12,1
1645,manizales,5.0629743,-75.5027698,2018-01,2
1646,manizales,5.0629743,-75.5027698,2018-02,2
1647,manizales,5.0629743,-75.5027698,2018-05,1
1648,manizales,5.0629743,-75.5027698,2018-06,1
1649,manizales,5.0629743,-75.5027698,2018-07,1
1650,manizales,5.0629743,-75.5027698,2018-09,1
1651,manizales,5.0629743,-75.5027698,2019-02,1
1652,manizales,5.0629743,-75.5027698,2019-04,1
1653,manizales,5.0629743,-75.5027698,2019-08,2
1654,manizales,5.0629743,-75.5027698,2019-10,2
1655,manizales,5.0629743,-75.5027698,2019-12,1
1656,manizales,5.0629743,-75.5027698,2020-05,1
1657,manizales,5.0629743,-75.5027698,2020-06,1
1658,manizales,5.0629743,-75.5027698,2020-07,1
1659,medellin,6.2476376,-75.56581530000003,2010-01,1
1660,medellin,6.2476376,-75.56581530000003,2010-02,2
1661,medellin,6.2476376,-75.56581530000003,2010-09,3
1662,medellin,6.2476376,-75.56581530000003,2010-10,6
1663,medellin,6.2476376,-75.56581530000003,2010-11,2
1664,medellin,6.2476376,-75.56581530000003,2010-12,3
1665,medellin,6.2476376,-75.56581530000003,2011-01,4
1666,medellin,6.2476376,-75.56581530000003,2011-03,2
1667,medellin,6.2476376,-75.56581530000003,2011-04,3
1668,medellin,6.2476376,-75.56581530000003,2011-05,3
1669,medellin,6.2476376,-75.56581530000003,2011-06,1
1670,medellin,6.2476376,-75.56581530000003,2011-07,5
1671,medellin,6.2476376,-75.56581530000003,2011-08,6
1672,medellin,6.2476376,-75.56581530000003,2011-09,6
1673,medellin,6.2476376,-75.56581530000003,2011-10,6
1674,medellin,6.2476376,-75.56581530000003,2011-11,2
1675,medellin,6.2476376,-75.56581530000003,2011-12,7
1676,medellin,6.2476376,-75.56581530000003,2012-01,4
1677,medellin,6.2476376,-75.56581530000003,2012-02,5
1678,medellin,6.2476376,-75.56581530000003,2012-03,4
1679,medellin,6.2476376,-75.56581530000003,2012-04,1
1680,medellin,6.2476376,-75.56581530000003,2012-05,2
1681,medellin,6.2476376,-75.56581530000003,2012-06,5
1682,medellin,6.2476376,-75.56581530000003,2012-07,2
1683,medellin,6.2476376,-75.56581530000003,2012-08,4
1684,medellin,6.2476376,-75.56581530000003,2012-09,1
1685,medellin,6.2476376,-75.56581530000003,2012-10,1
1686,medellin,6.2476376,-75.56581530000003,2012-11,1
1687,medellin,6.2476376,-75.56581530000003,2012-12,1
1688,medellin,6.2476376,-75.56581530000003,2013-02,2
1689,medellin,6.2476376,-75.56581530000003,2013-03,2
1690,medellin,6.2476376,-75.56581530000003,2013-04,2
1691,medellin,6.2476376,-75.56581530000003,2013-05,3
1692,medellin,6.2476376,-75.56581530000003,2013-07,1
1693,medellin,6.2476376,-75.56581530000003,2013-09,1
1694,medellin,6.2476376,-75.56581530000003,2013-10,1
1695,medellin,6.2476376,-75.56581530000003,2013-11,3
1696,medellin,6.2476376,-75.56581530000003,2013-12,2
1697,medellin,6.2476376,-75.56581530000003,2014-01,3
1698,medellin,6.2476376,-75.56581530000003,2014-02,3
1699,medellin,6.2476376,-75.56581530000003,2014-03,6
1700,medellin,6.2476376,-75.56581530000003,2014-05,1
1701,medellin,6.2476376,-75.56581530000003,2014-06,1
1702,medellin,6.2476376,-75.56581530000003,2014-07,3
1703,medellin,6.2476376,-75.56581530000003,2014-09,3
1704,medellin,6.2476376,-75.56581530000003,2014-10,1
1705,medellin,6.2476376,-75.56581530000003,2014-11,3
1706,medellin,6.2476376,-75.56581530000003,2014-12,1
1707,medellin,6.2476376,-75.56581530000003,2015-01,6
1708,medellin,6.2476376,-75.56581530000003,2015-04,6
1709,medellin,6.2476376,-75.56581530000003,2015-05,2
1710,medellin,6.2476376,-75.56581530000003,2015-06,8
1711,medellin,6.2476376,-75.56581530000003,2015-07,2
1712,medellin,6.2476376,-75.56581530000003,2015-09,5
1713,medellin,6.2476376,-75.56581530000003,2015-10,4
1714,medellin,6.2476376,-75.56581530000003,2015-11,7
1715,medellin,6.2476376,-75.56581530000003,2015-12,3
1716,medellin,6.2476376,-75.56581530000003,2016-01,3
1717,medellin,6.2476376,-75.56581530000003,2016-02,2
1718,medellin,6.2476376,-75.56581530000003,2016-03,3
1719,medellin,6.2476376,-75.56581530000003,2016-04,2
1720,medellin,6.2476376,-75.56581530000003,2016-05,1
1721,medellin,6.2476376,-75.56581530000003,2016-06,4
1722,medellin,6.2476376,-75.56581530000003,2016-07,1
1723,medellin,6.2476376,-75.56581530000003,2016-08,9
1724,medellin,6.2476376,-75.56581530000003,2016-09,9
1725,medellin,6.2476376,-75.56581530000003,2016-10,6
1726,medellin,6.2476376,-75.56581530000003,2016-11,3
1727,medellin,6.2476376,-75.56581530000003,2016-12,5
1728,medellin,6.2476376,-75.56581530000003,2017-01,2
1729,medellin,6.2476376,-75.56581530000003,2017-02,1
1730,medellin,6.2476376,-75.56581530000003,2017-03,5
1731,medellin,6.2476376,-75.56581530000003,2017-04,5
1732,medellin,6.2476376,-75.56581530000003,2017-05,2
1733,medellin,6.2476376,-75.56581530000003,2017-06,15
1734,medellin,6.2476376,-75.56581530000003,2017-07,6
1735,medellin,6.2476376,-75.56581530000003,2017-08,5
1736,medellin,6.2476376,-75.56581530000003,2017-09,7
1737,medellin,6.2476376,-75.56581530000003,2017-10,6
1738,medellin,6.2476376,-75.56581530000003,2017-11,7
1739,medellin,6.2476376,-75.56581530000003,2017-12,6
1740,medellin,6.2476376,-75.56581530000003,2018-01,2
1741,medellin,6.2476376,-75.56581530000003,2018-02,6
1742,medellin,6.2476376,-75.56581530000003,2018-03,7
1743,medellin,6.2476376,-75.56581530000003,2018-04,5
1744,medellin,6.2476376,-75.56581530000003,2018-05,4
1745,medellin,6.2476376,-75.56581530000003,2018-06,16
1746,medellin,6.2476376,-75.56581530000003,2018-07,8
1747,medellin,6.2476376,-75.56581530000003,2018-08,5
1748,medellin,6.2476376,-75.56581530000003,2018-09,5
1749,medellin,6.2476376,-75.56581530000003,2018-10,4
1750,medellin,6.2476376,-75.56581530000003,2018-11,3
1751,medellin,6.2476376,-75.56581530000003,2018-12,10
1752,medellin,6.2476376,-75.56581530000003,2019-01,5
1753,medellin,6.2476376,-75.56581530000003,2019-02,2
1754,medellin,6.2476376,-75.56581530000003,2019-03,2
1755,medellin,6.2476376,-75.56581530000003,2019-04,3
1756,medellin,6.2476376,-75.56581530000003,2019-05,3
1757,medellin,6.2476376,-75.56581530000003,2019-06,3
1758,medellin,6.2476376,-75.56581530000003,2019-07,7
1759,medellin,6.2476376,-75.56581530000003,2019-08,3
1760,medellin,6.2476376,-75.56581530000003,2019-09,7
1761,medellin,6.2476376,-75.56581530000003,2019-10,1
1762,medellin,6.2476376,-75.56581530000003,2019-11,9
1763,medellin,6.2476376,-75.56581530000003,2019-12,4
1764,medellin,6.2476376,-75.56581530000003,2020-01,5
1765,medellin,6.2476376,-75.56581530000003,2020-02,4
1766,medellin,6.2476376,-75.56581530000003,2020-03,1
1767,medellin,6.2476376,-75.56581530000003,2020-04,1
1768,medellin,6.2476376,-75.56581530000003,2020-05,3
1769,medellin,6.2476376,-75.56581530000003,2020-06,4
1770,medellin,6.2476376,-75.56581530000003,2020-07,7
1771,medellin,6.2476376,-75.56581530000003,2020-08,1
1772,medellin,6.2476376,-75.56581530000003,2020-12,2
1773,melgar,4.2035719999999985,-74.643383,2016-06,1
1774,melgar,4.2035719999999985,-74.643383,2017-03,1
1775,melgar,4.2035719999999985,-74.643383,2018-07,2
1776,melgar,4.2035719999999985,-74.643383,2018-10,1
1777,melgar,4.2035719999999985,-74.643383,2019-06,1
1778,melgar,4.2035719999999985,-74.643383,2019-08,1
1779,miami,25.7616798,-80.1917902,2011-05,1
1780,miami,25.7616798,-80.1917902,2012-08,1
1781,mocoa,1.1477941,-76.64812839999998,2015-06,1
1782,mocoa,1.1477941,-76.64812839999998,2017-06,1
1783,mocoa,1.1477941,-76.64812839999998,2017-10,1
1784,mompos,9.2396547,-74.4254445,2019-07,1
1785,mompos,9.2396547,-74.4254445,2019-11,1
1786,montelibano,7.976803,-75.417209,2011-06,1
1787,montelibano,7.976803,-75.417209,2018-07,1
1788,montelibano,7.976803,-75.417209,2019-02,1
1789,montelibano,7.976803,-75.417209,2020-06,1
1790,monter,40.7570694,-73.70224759999999,2019-06,1
1791,monteria,8.750983,-75.8785348,2010-05,4
1792,monteria,8.750983,-75.8785348,2010-07,1
1793,monteria,8.750983,-75.8785348,2010-09,2
1794,monteria,8.750983,-75.8785348,2010-12,1
1795,monteria,8.750983,-75.8785348,2011-02,1
1796,monteria,8.750983,-75.8785348,2011-03,2
1797,monteria,8.750983,-75.8785348,2011-06,1
1798,monteria,8.750983,-75.8785348,2011-07,2
1799,monteria,8.750983,-75.8785348,2011-08,1
1800,monteria,8.750983,-75.8785348,2011-09,2
1801,monteria,8.750983,-75.8785348,2011-11,4
1802,monteria,8.750983,-75.8785348,2012-01,1
1803,monteria,8.750983,-75.8785348,2012-03,1
1804,monteria,8.750983,-75.8785348,2012-04,1
1805,monteria,8.750983,-75.8785348,2013-01,2
1806,monteria,8.750983,-75.8785348,2013-05,1
1807,monteria,8.750983,-75.8785348,2013-07,1
1808,monteria,8.750983,-75.8785348,2013-08,1
1809,monteria,8.750983,-75.8785348,2013-09,1
1810,monteria,8.750983,-75.8785348,2013-11,3
1811,monteria,8.750983,-75.8785348,2013-12,2
1812,monteria,8.750983,-75.8785348,2014-02,1
1813,monteria,8.750983,-75.8785348,2014-03,1
1814,monteria,8.750983,-75.8785348,2014-05,1
1815,monteria,8.750983,-75.8785348,2014-08,1
1816,monteria,8.750983,-75.8785348,2015-03,1
1817,monteria,8.750983,-75.8785348,2015-04,1
1818,monteria,8.750983,-75.8785348,2015-05,2
1819,monteria,8.750983,-75.8785348,2015-09,1
1820,monteria,8.750983,-75.8785348,2015-11,1
1821,monteria,8.750983,-75.8785348,2016-06,1
1822,monteria,8.750983,-75.8785348,2016-08,2
1823,monteria,8.750983,-75.8785348,2016-09,1
1824,monteria,8.750983,-75.8785348,2017-07,1
1825,monteria,8.750983,-75.8785348,2017-12,3
1826,monteria,8.750983,-75.8785348,2018-06,1
1827,monteria,8.750983,-75.8785348,2018-09,1
1828,monteria,8.750983,-75.8785348,2018-10,2
1829,monteria,8.750983,-75.8785348,2019-01,1
1830,monteria,8.750983,-75.8785348,2019-02,1
1831,monteria,8.750983,-75.8785348,2019-03,1
1832,monteria,8.750983,-75.8785348,2019-05,1
1833,monteria,8.750983,-75.8785348,2019-06,5
1834,monteria,8.750983,-75.8785348,2019-07,2
1835,monteria,8.750983,-75.8785348,2019-08,1
1836,monteria,8.750983,-75.8785348,2019-09,3
1837,monteria,8.750983,-75.8785348,2019-11,2
1838,monteria,8.750983,-75.8785348,2020-01,1
1839,monteria,8.750983,-75.8785348,2020-02,1
1840,monteria,8.750983,-75.8785348,2020-03,2
1841,monteria,8.750983,-75.8785348,2020-06,2
1842,monteria,8.750983,-75.8785348,2020-07,2
1843,monteria,8.750983,-75.8785348,2020-10,1
1844,mosquera,4.6802367,-74.22967129999998,2010-07,1
1845,mosquera,4.6802367,-74.22967129999998,2016-10,1
1846,neiva,2.9344837000000004,-75.2809001,2010-01,1
1847,neiva,2.9344837000000004,-75.2809001,2010-02,1
1848,neiva,2.9344837000000004,-75.2809001,2010-06,1
1849,neiva,2.9344837000000004,-75.2809001,2010-11,2
1850,neiva,2.9344837000000004,-75.2809001,2010-12,1
1851,neiva,2.9344837000000004,-75.2809001,2011-02,1
1852,neiva,2.9344837000000004,-75.2809001,2011-03,2
1853,neiva,2.9344837000000004,-75.2809001,2011-07,1
1854,neiva,2.9344837000000004,-75.2809001,2011-08,1
1855,neiva,2.9344837000000004,-75.2809001,2012-02,3
1856,neiva,2.9344837000000004,-75.2809001,2012-03,1
1857,neiva,2.9344837000000004,-75.2809001,2012-04,1
1858,neiva,2.9344837000000004,-75.2809001,2012-05,1
1859,neiva,2.9344837000000004,-75.2809001,2012-07,1
1860,neiva,2.9344837000000004,-75.2809001,2012-11,2
1861,neiva,2.9344837000000004,-75.2809001,2013-06,1
1862,neiva,2.9344837000000004,-75.2809001,2013-07,2
1863,neiva,2.9344837000000004,-75.2809001,2013-08,1
1864,neiva,2.9344837000000004,-75.2809001,2013-10,2
1865,neiva,2.9344837000000004,-75.2809001,2013-12,1
1866,neiva,2.9344837000000004,-75.2809001,2014-02,1
1867,neiva,2.9344837000000004,-75.2809001,2014-03,1
1868,neiva,2.9344837000000004,-75.2809001,2014-09,1
1869,neiva,2.9344837000000004,-75.2809001,2014-11,1
1870,neiva,2.9344837000000004,-75.2809001,2014-12,1
1871,neiva,2.9344837000000004,-75.2809001,2015-03,1
1872,neiva,2.9344837000000004,-75.2809001,2015-05,1
1873,neiva,2.9344837000000004,-75.2809001,2015-06,2
1874,neiva,2.9344837000000004,-75.2809001,2015-07,1
1875,neiva,2.9344837000000004,-75.2809001,2015-11,1
1876,neiva,2.9344837000000004,-75.2809001,2015-12,2
1877,neiva,2.9344837000000004,-75.2809001,2016-04,2
1878,neiva,2.9344837000000004,-75.2809001,2016-05,1
1879,neiva,2.9344837000000004,-75.2809001,2016-06,1
1880,neiva,2.9344837000000004,-75.2809001,2016-11,2
1881,neiva,2.9344837000000004,-75.2809001,2016-12,4
1882,neiva,2.9344837000000004,-75.2809001,2017-01,7
1883,neiva,2.9344837000000004,-75.2809001,2017-02,8
1884,neiva,2.9344837000000004,-75.2809001,2017-03,1
1885,neiva,2.9344837000000004,-75.2809001,2017-04,3
1886,neiva,2.9344837000000004,-75.2809001,2017-05,7
1887,neiva,2.9344837000000004,-75.2809001,2017-06,8
1888,neiva,2.9344837000000004,-75.2809001,2017-07,3
1889,neiva,2.9344837000000004,-75.2809001,2017-08,5
1890,neiva,2.9344837000000004,-75.2809001,2017-09,1
1891,neiva,2.9344837000000004,-75.2809001,2017-10,7
1892,neiva,2.9344837000000004,-75.2809001,2017-11,4
1893,neiva,2.9344837000000004,-75.2809001,2017-12,6
1894,neiva,2.9344837000000004,-75.2809001,2018-01,6
1895,neiva,2.9344837000000004,-75.2809001,2018-02,2
1896,neiva,2.9344837000000004,-75.2809001,2018-03,3
1897,neiva,2.9344837000000004,-75.2809001,2018-04,6
1898,neiva,2.9344837000000004,-75.2809001,2018-05,5
1899,neiva,2.9344837000000004,-75.2809001,2018-06,6
1900,neiva,2.9344837000000004,-75.2809001,2018-07,4
1901,neiva,2.9344837000000004,-75.2809001,2018-08,6
1902,neiva,2.9344837000000004,-75.2809001,2018-09,1
1903,neiva,2.9344837000000004,-75.2809001,2018-10,4
1904,neiva,2.9344837000000004,-75.2809001,2018-11,1
1905,neiva,2.9344837000000004,-75.2809001,2018-12,3
1906,neiva,2.9344837000000004,-75.2809001,2019-01,3
1907,neiva,2.9344837000000004,-75.2809001,2019-02,2
1908,neiva,2.9344837000000004,-75.2809001,2019-03,3
1909,neiva,2.9344837000000004,-75.2809001,2019-04,5
1910,neiva,2.9344837000000004,-75.2809001,2019-05,1
1911,neiva,2.9344837000000004,-75.2809001,2019-06,3
1912,neiva,2.9344837000000004,-75.2809001,2019-07,1
1913,neiva,2.9344837000000004,-75.2809001,2019-11,3
1914,neiva,2.9344837000000004,-75.2809001,2019-12,4
1915,neiva,2.9344837000000004,-75.2809001,2020-01,2
1916,neiva,2.9344837000000004,-75.2809001,2020-02,3
1917,neiva,2.9344837000000004,-75.2809001,2020-03,1
1918,nombre ciudad,0.0,0.0,2019-02,2
1919,nombre ciudad,0.0,0.0,2019-03,1
1920,nombre ciudad,0.0,0.0,2019-04,1
1921,nombre ciudad,0.0,0.0,2019-09,1
1922,nombre ciudad,0.0,0.0,2019-11,4
1923,nombre ciudad,0.0,0.0,2019-12,2
1924,nombre ciudad,0.0,0.0,2020-01,1
1925,nombre ciudad,0.0,0.0,2020-02,2
1926,nombre ciudad,0.0,0.0,2020-05,1
1927,nombre ciudad,0.0,0.0,2020-06,3
1928,nombre ciudad,0.0,0.0,2020-07,2
1929,nombre ciudad,0.0,0.0,2020-09,1
1930,nueva loja,0.0851034,-76.89401559999999,2019-06,1
1931,ocaña,8.252049999999999,-73.3532199,2010-09,1
1932,ocaña,8.252049999999999,-73.3532199,2011-05,1
1933,ocaña,8.252049999999999,-73.3532199,2011-06,6
1934,ocaña,8.252049999999999,-73.3532199,2011-07,2
1935,ocaña,8.252049999999999,-73.3532199,2011-11,1
1936,ocaña,8.252049999999999,-73.3532199,2012-01,1
1937,ocaña,8.252049999999999,-73.3532199,2012-02,1
1938,ocaña,8.252049999999999,-73.3532199,2012-06,1
1939,ocaña,8.252049999999999,-73.3532199,2013-11,1
1940,ocaña,8.252049999999999,-73.3532199,2014-01,2
1941,ocaña,8.252049999999999,-73.3532199,2014-05,1
1942,ocaña,8.252049999999999,-73.3532199,2014-08,1
1943,ocaña,8.252049999999999,-73.3532199,2014-12,2
1944,ocaña,8.252049999999999,-73.3532199,2015-04,1
1945,ocaña,8.252049999999999,-73.3532199,2015-06,1
1946,ocaña,8.252049999999999,-73.3532199,2015-08,3
1947,ocaña,8.252049999999999,-73.3532199,2015-09,1
1948,ocaña,8.252049999999999,-73.3532199,2015-10,1
1949,ocaña,8.252049999999999,-73.3532199,2016-04,1
1950,ocaña,8.252049999999999,-73.3532199,2016-05,1
1951,ocaña,8.252049999999999,-73.3532199,2016-07,2
1952,ocaña,8.252049999999999,-73.3532199,2016-08,1
1953,ocaña,8.252049999999999,-73.3532199,2016-11,1
1954,ocaña,8.252049999999999,-73.3532199,2017-01,1
1955,ocaña,8.252049999999999,-73.3532199,2017-02,1
1956,ocaña,8.252049999999999,-73.3532199,2017-03,1
1957,ocaña,8.252049999999999,-73.3532199,2017-07,2
1958,ocaña,8.252049999999999,-73.3532199,2017-08,1
1959,ocaña,8.252049999999999,-73.3532199,2018-03,1
1960,ocaña,8.252049999999999,-73.3532199,2018-05,1
1961,ocaña,8.252049999999999,-73.3532199,2018-07,2
1962,ocaña,8.252049999999999,-73.3532199,2018-08,3
1963,ocaña,8.252049999999999,-73.3532199,2019-03,1
1964,ocaña,8.252049999999999,-73.3532199,2019-05,1
1965,ocaña,8.252049999999999,-73.3532199,2019-11,1
1966,ocaña,8.252049999999999,-73.3532199,2020-01,1
1967,ocaña,8.252049999999999,-73.3532199,2020-05,1
1968,ocaña,8.252049999999999,-73.3532199,2020-06,1
1969,ocaña,8.252049999999999,-73.3532199,2020-07,1
1970,paipa,5.77977,-73.11472499999998,2010-11,1
1971,paipa,5.77977,-73.11472499999998,2014-12,1
1972,paipa,5.77977,-73.11472499999998,2015-05,1
1973,paipa,5.77977,-73.11472499999998,2017-11,1
1974,paipa,5.77977,-73.11472499999998,2019-06,1
1975,paipa,5.77977,-73.11472499999998,2020-06,1
1976,palmira,41.4192451,-87.4862363,2010-12,1
1977,palmira,41.4192451,-87.4862363,2011-10,4
1978,palmira,41.4192451,-87.4862363,2012-02,1
1979,palmira,41.4192451,-87.4862363,2012-10,1
1980,palmira,41.4192451,-87.4862363,2013-08,2
1981,palmira,41.4192451,-87.4862363,2013-09,1
1982,palmira,41.4192451,-87.4862363,2014-05,1
1983,palmira,41.4192451,-87.4862363,2014-06,1
1984,palmira,41.4192451,-87.4862363,2014-10,1
1985,palmira,41.4192451,-87.4862363,2015-05,1
1986,palmira,41.4192451,-87.4862363,2015-06,1
1987,palmira,41.4192451,-87.4862363,2015-07,1
1988,palmira,41.4192451,-87.4862363,2015-08,1
1989,palmira,41.4192451,-87.4862363,2015-09,1
1990,palmira,41.4192451,-87.4862363,2015-10,1
1991,palmira,41.4192451,-87.4862363,2016-04,1
1992,palmira,41.4192451,-87.4862363,2016-05,1
1993,palmira,41.4192451,-87.4862363,2016-08,1
1994,palmira,41.4192451,-87.4862363,2016-09,1
1995,palmira,41.4192451,-87.4862363,2017-01,1
1996,palmira,41.4192451,-87.4862363,2017-04,1
1997,palmira,41.4192451,-87.4862363,2017-09,1
1998,palmira,41.4192451,-87.4862363,2018-03,1
1999,palmira,41.4192451,-87.4862363,2018-08,2
2000,palmira,41.4192451,-87.4862363,2018-09,1
2001,palmira,41.4192451,-87.4862363,2018-10,1
2002,palmira,41.4192451,-87.4862363,2019-01,1
2003,palmira,41.4192451,-87.4862363,2020-07,1
2004,palmira,41.4192451,-87.4862363,2020-08,1
2005,pamplona,42.812526,-1.6457745,2010-04,1
2006,pamplona,42.812526,-1.6457745,2010-10,1
2007,pamplona,42.812526,-1.6457745,2011-08,2
2008,pamplona,42.812526,-1.6457745,2011-11,1
2009,pamplona,42.812526,-1.6457745,2012-02,1
2010,pamplona,42.812526,-1.6457745,2012-04,1
2011,pamplona,42.812526,-1.6457745,2013-03,1
2012,pamplona,42.812526,-1.6457745,2013-08,1
2013,pamplona,42.812526,-1.6457745,2014-05,2
2014,pamplona,42.812526,-1.6457745,2014-10,1
2015,pamplona,42.812526,-1.6457745,2014-11,1
2016,pamplona,42.812526,-1.6457745,2015-02,2
2017,pamplona,42.812526,-1.6457745,2015-08,1
2018,pamplona,42.812526,-1.6457745,2015-11,1
2019,pamplona,42.812526,-1.6457745,2016-11,2
2020,pamplona,42.812526,-1.6457745,2016-12,1
2021,pamplona,42.812526,-1.6457745,2017-09,1
2022,pamplona,42.812526,-1.6457745,2017-12,1
2023,pamplona,42.812526,-1.6457745,2018-08,1
2024,pamplona,42.812526,-1.6457745,2018-09,2
2025,pamplona,42.812526,-1.6457745,2019-02,1
2026,pamplona,42.812526,-1.6457745,2019-07,2
2027,pamplona,42.812526,-1.6457745,2019-12,1
2028,pamplona,42.812526,-1.6457745,2020-01,1
2029,pamplona,42.812526,-1.6457745,2020-06,1
2030,pamplona,42.812526,-1.6457745,2020-07,1
2031,panama,8.537981,-80.782127,2020-02,1
2032,pasto,40.043517,-86.1115207,2010-07,2
2033,pasto,40.043517,-86.1115207,2010-10,1
2034,pasto,40.043517,-86.1115207,2010-11,1
2035,pasto,40.043517,-86.1115207,2011-02,3
2036,pasto,40.043517,-86.1115207,2011-03,2
2037,pasto,40.043517,-86.1115207,2011-06,2
2038,pasto,40.043517,-86.1115207,2011-07,1
2039,pasto,40.043517,-86.1115207,2011-08,1
2040,pasto,40.043517,-86.1115207,2011-10,1
2041,pasto,40.043517,-86.1115207,2012-02,1
2042,pasto,40.043517,-86.1115207,2012-05,1
2043,pasto,40.043517,-86.1115207,2012-08,1
2044,pasto,40.043517,-86.1115207,2012-11,1
2045,pasto,40.043517,-86.1115207,2013-01,1
2046,pasto,40.043517,-86.1115207,2013-03,2
2047,pasto,40.043517,-86.1115207,2013-09,1
2048,pasto,40.043517,-86.1115207,2014-01,2
2049,pasto,40.043517,-86.1115207,2014-05,1
2050,pasto,40.043517,-86.1115207,2014-06,2
2051,pasto,40.043517,-86.1115207,2014-08,1
2052,pasto,40.043517,-86.1115207,2014-10,1
2053,pasto,40.043517,-86.1115207,2014-11,2
2054,pasto,40.043517,-86.1115207,2015-05,1
2055,pasto,40.043517,-86.1115207,2015-06,1
2056,pasto,40.043517,-86.1115207,2015-07,2
2057,pasto,40.043517,-86.1115207,2015-09,1
2058,pasto,40.043517,-86.1115207,2015-10,1
2059,pasto,40.043517,-86.1115207,2015-12,1
2060,pasto,40.043517,-86.1115207,2016-04,1
2061,pasto,40.043517,-86.1115207,2016-10,1
2062,pasto,40.043517,-86.1115207,2016-11,1
2063,pasto,40.043517,-86.1115207,2017-01,2
2064,pasto,40.043517,-86.1115207,2017-03,1
2065,pasto,40.043517,-86.1115207,2017-06,1
2066,pasto,40.043517,-86.1115207,2017-08,3
2067,pasto,40.043517,-86.1115207,2017-10,1
2068,pasto,40.043517,-86.1115207,2017-11,5
2069,pasto,40.043517,-86.1115207,2018-04,1
2070,pasto,40.043517,-86.1115207,2018-05,1
2071,pasto,40.043517,-86.1115207,2018-06,1
2072,pasto,40.043517,-86.1115207,2018-08,1
2073,pasto,40.043517,-86.1115207,2018-09,3
2074,pasto,40.043517,-86.1115207,2018-10,1
2075,pasto,40.043517,-86.1115207,2018-11,1
2076,pasto,40.043517,-86.1115207,2019-02,1
2077,pasto,40.043517,-86.1115207,2019-04,1
2078,pasto,40.043517,-86.1115207,2019-05,1
2079,pasto,40.043517,-86.1115207,2019-07,1
2080,pasto,40.043517,-86.1115207,2019-09,1
2081,pasto,40.043517,-86.1115207,2019-11,1
2082,pasto,40.043517,-86.1115207,2019-12,4
2083,pasto,40.043517,-86.1115207,2020-01,1
2084,pasto,40.043517,-86.1115207,2020-02,1
2085,pasto,40.043517,-86.1115207,2020-06,1
2086,pasto,40.043517,-86.1115207,2020-09,1
2087,paz de ariporo,5.8806389999999995,-71.892912,2016-10,1
2088,paz de ariporo,5.8806389999999995,-71.892912,2017-03,1
2089,paz de ariporo,5.8806389999999995,-71.892912,2017-09,1
2090,pereira,4.808717400000001,-75.690601,2010-02,2
2091,pereira,4.808717400000001,-75.690601,2010-05,2
2092,pereira,4.808717400000001,-75.690601,2010-06,2
2093,pereira,4.808717400000001,-75.690601,2010-07,4
2094,pereira,4.808717400000001,-75.690601,2010-08,1
2095,pereira,4.808717400000001,-75.690601,2010-09,5
2096,pereira,4.808717400000001,-75.690601,2010-10,1
2097,pereira,4.808717400000001,-75.690601,2010-11,2
2098,pereira,4.808717400000001,-75.690601,2010-12,3
2099,pereira,4.808717400000001,-75.690601,2011-01,2
2100,pereira,4.808717400000001,-75.690601,2011-02,9
2101,pereira,4.808717400000001,-75.690601,2011-03,12
2102,pereira,4.808717400000001,-75.690601,2011-04,5
2103,pereira,4.808717400000001,-75.690601,2011-05,10
2104,pereira,4.808717400000001,-75.690601,2011-06,4
2105,pereira,4.808717400000001,-75.690601,2011-07,7
2106,pereira,4.808717400000001,-75.690601,2011-08,7
2107,pereira,4.808717400000001,-75.690601,2011-09,9
2108,pereira,4.808717400000001,-75.690601,2011-10,4
2109,pereira,4.808717400000001,-75.690601,2011-11,3
2110,pereira,4.808717400000001,-75.690601,2011-12,6
2111,pereira,4.808717400000001,-75.690601,2012-01,4
2112,pereira,4.808717400000001,-75.690601,2012-02,6
2113,pereira,4.808717400000001,-75.690601,2012-03,11
2114,pereira,4.808717400000001,-75.690601,2012-04,5
2115,pereira,4.808717400000001,-75.690601,2012-05,6
2116,pereira,4.808717400000001,-75.690601,2012-06,5
2117,pereira,4.808717400000001,-75.690601,2012-07,5
2118,pereira,4.808717400000001,-75.690601,2012-08,4
2119,pereira,4.808717400000001,-75.690601,2012-09,4
2120,pereira,4.808717400000001,-75.690601,2012-10,4
2121,pereira,4.808717400000001,-75.690601,2012-11,6
2122,pereira,4.808717400000001,-75.690601,2012-12,3
2123,pereira,4.808717400000001,-75.690601,2013-01,1
2124,pereira,4.808717400000001,-75.690601,2013-02,2
2125,pereira,4.808717400000001,-75.690601,2013-03,4
2126,pereira,4.808717400000001,-75.690601,2013-04,9
2127,pereira,4.808717400000001,-75.690601,2013-05,3
2128,pereira,4.808717400000001,-75.690601,2013-06,7
2129,pereira,4.808717400000001,-75.690601,2013-07,2
2130,pereira,4.808717400000001,-75.690601,2013-08,7
2131,pereira,4.808717400000001,-75.690601,2013-09,5
2132,pereira,4.808717400000001,-75.690601,2013-10,6
2133,pereira,4.808717400000001,-75.690601,2013-11,5
2134,pereira,4.808717400000001,-75.690601,2013-12,7
2135,pereira,4.808717400000001,-75.690601,2014-01,3
2136,pereira,4.808717400000001,-75.690601,2014-02,6
2137,pereira,4.808717400000001,-75.690601,2014-03,8
2138,pereira,4.808717400000001,-75.690601,2014-04,6
2139,pereira,4.808717400000001,-75.690601,2014-05,7
2140,pereira,4.808717400000001,-75.690601,2014-06,3
2141,pereira,4.808717400000001,-75.690601,2014-07,1
2142,pereira,4.808717400000001,-75.690601,2014-08,4
2143,pereira,4.808717400000001,-75.690601,2014-09,7
2144,pereira,4.808717400000001,-75.690601,2014-10,7
2145,pereira,4.808717400000001,-75.690601,2014-11,2
2146,pereira,4.808717400000001,-75.690601,2014-12,6
2147,pereira,4.808717400000001,-75.690601,2015-01,3
2148,pereira,4.808717400000001,-75.690601,2015-02,4
2149,pereira,4.808717400000001,-75.690601,2015-03,6
2150,pereira,4.808717400000001,-75.690601,2015-04,12
2151,pereira,4.808717400000001,-75.690601,2015-05,6
2152,pereira,4.808717400000001,-75.690601,2015-06,8
2153,pereira,4.808717400000001,-75.690601,2015-07,9
2154,pereira,4.808717400000001,-75.690601,2015-08,13
2155,pereira,4.808717400000001,-75.690601,2015-09,9
2156,pereira,4.808717400000001,-75.690601,2015-10,6
2157,pereira,4.808717400000001,-75.690601,2015-11,7
2158,pereira,4.808717400000001,-75.690601,2015-12,3
2159,pereira,4.808717400000001,-75.690601,2016-01,10
2160,pereira,4.808717400000001,-75.690601,2016-02,2
2161,pereira,4.808717400000001,-75.690601,2016-03,4
2162,pereira,4.808717400000001,-75.690601,2016-04,6
2163,pereira,4.808717400000001,-75.690601,2016-05,6
2164,pereira,4.808717400000001,-75.690601,2016-06,3
2165,pereira,4.808717400000001,-75.690601,2016-07,4
2166,pereira,4.808717400000001,-75.690601,2016-08,7
2167,pereira,4.808717400000001,-75.690601,2016-09,4
2168,pereira,4.808717400000001,-75.690601,2016-10,2
2169,pereira,4.808717400000001,-75.690601,2016-11,5
2170,pereira,4.808717400000001,-75.690601,2016-12,10
2171,pereira,4.808717400000001,-75.690601,2017-01,25
2172,pereira,4.808717400000001,-75.690601,2017-02,15
2173,pereira,4.808717400000001,-75.690601,2017-03,23
2174,pereira,4.808717400000001,-75.690601,2017-04,24
2175,pereira,4.808717400000001,-75.690601,2017-05,17
2176,pereira,4.808717400000001,-75.690601,2017-06,22
2177,pereira,4.808717400000001,-75.690601,2017-07,11
2178,pereira,4.808717400000001,-75.690601,2017-08,12
2179,pereira,4.808717400000001,-75.690601,2017-09,13
2180,pereira,4.808717400000001,-75.690601,2017-10,13
2181,pereira,4.808717400000001,-75.690601,2017-11,9
2182,pereira,4.808717400000001,-75.690601,2017-12,8
2183,pereira,4.808717400000001,-75.690601,2018-01,2
2184,pereira,4.808717400000001,-75.690601,2018-02,6
2185,pereira,4.808717400000001,-75.690601,2018-03,11
2186,pereira,4.808717400000001,-75.690601,2018-04,13
2187,pereira,4.808717400000001,-75.690601,2018-05,10
2188,pereira,4.808717400000001,-75.690601,2018-06,20
2189,pereira,4.808717400000001,-75.690601,2018-07,7
2190,pereira,4.808717400000001,-75.690601,2018-08,1
2191,pereira,4.808717400000001,-75.690601,2018-09,7
2192,pereira,4.808717400000001,-75.690601,2018-10,9
2193,pereira,4.808717400000001,-75.690601,2018-11,8
2194,pereira,4.808717400000001,-75.690601,2018-12,9
2195,pereira,4.808717400000001,-75.690601,2019-01,3
2196,pereira,4.808717400000001,-75.690601,2019-02,10
2197,pereira,4.808717400000001,-75.690601,2019-04,4
2198,pereira,4.808717400000001,-75.690601,2019-05,6
2199,pereira,4.808717400000001,-75.690601,2019-06,6
2200,pereira,4.808717400000001,-75.690601,2019-07,12
2201,pereira,4.808717400000001,-75.690601,2019-08,3
2202,pereira,4.808717400000001,-75.690601,2019-09,7
2203,pereira,4.808717400000001,-75.690601,2019-10,4
2204,pereira,4.808717400000001,-75.690601,2019-11,7
2205,pereira,4.808717400000001,-75.690601,2019-12,5
2206,pereira,4.808717400000001,-75.690601,2020-01,4
2207,pereira,4.808717400000001,-75.690601,2020-02,7
2208,pereira,4.808717400000001,-75.690601,2020-03,4
2209,pereira,4.808717400000001,-75.690601,2020-05,8
2210,pereira,4.808717400000001,-75.690601,2020-06,5
2211,pereira,4.808717400000001,-75.690601,2020-07,6
2212,pereira,4.808717400000001,-75.690601,2020-08,3
2213,pereira,4.808717400000001,-75.690601,2020-09,2
2214,pereira,4.808717400000001,-75.690601,2020-10,1
2215,pereira,4.808717400000001,-75.690601,2020-11,2
2216,pereira,4.808717400000001,-75.690601,2020-12,1
2217,pererira,4.808717400000001,-75.690601,2019-08,1
2218,piedecuesta,6.9915389999999995,-73.05399799999998,2011-02,1
2219,piedecuesta,6.9915389999999995,-73.05399799999998,2013-05,1
2220,piedecuesta,6.9915389999999995,-73.05399799999998,2014-12,1
2221,piedecuesta,6.9915389999999995,-73.05399799999998,2016-02,1
2222,piedecuesta,6.9915389999999995,-73.05399799999998,2016-11,2
2223,piedecuesta,6.9915389999999995,-73.05399799999998,2017-02,1
2224,piedecuesta,6.9915389999999995,-73.05399799999998,2020-02,1
2225,piedecuesta,6.9915389999999995,-73.05399799999998,2020-10,1
2226,pitalito,1.8563308999999997,-76.04616109999998,2010-11,1
2227,pitalito,1.8563308999999997,-76.04616109999998,2010-12,1
2228,pitalito,1.8563308999999997,-76.04616109999998,2011-02,1
2229,pitalito,1.8563308999999997,-76.04616109999998,2011-07,1
2230,pitalito,1.8563308999999997,-76.04616109999998,2011-09,2
2231,pitalito,1.8563308999999997,-76.04616109999998,2011-12,3
2232,pitalito,1.8563308999999997,-76.04616109999998,2012-01,1
2233,pitalito,1.8563308999999997,-76.04616109999998,2012-11,3
2234,pitalito,1.8563308999999997,-76.04616109999998,2014-01,2
2235,pitalito,1.8563308999999997,-76.04616109999998,2014-02,1
2236,pitalito,1.8563308999999997,-76.04616109999998,2015-06,1
2237,pitalito,1.8563308999999997,-76.04616109999998,2015-07,1
2238,pitalito,1.8563308999999997,-76.04616109999998,2016-06,1
2239,pitalito,1.8563308999999997,-76.04616109999998,2016-08,1
2240,pitalito,1.8563308999999997,-76.04616109999998,2016-09,2
2241,pitalito,1.8563308999999997,-76.04616109999998,2017-06,1
2242,pitalito,1.8563308999999997,-76.04616109999998,2018-01,1
2243,pitalito,1.8563308999999997,-76.04616109999998,2018-02,1
2244,pitalito,1.8563308999999997,-76.04616109999998,2018-03,1
2245,pitalito,1.8563308999999997,-76.04616109999998,2018-07,1
2246,pitalito,1.8563308999999997,-76.04616109999998,2018-10,1
2247,pitalito,1.8563308999999997,-76.04616109999998,2018-11,1
2248,pitalito,1.8563308999999997,-76.04616109999998,2018-12,1
2249,pitalito,1.8563308999999997,-76.04616109999998,2019-09,1
2250,pitalito,1.8563308999999997,-76.04616109999998,2019-11,1
2251,pitalito,1.8563308999999997,-76.04616109999998,2019-12,1
2252,pitalito,1.8563308999999997,-76.04616109999998,2020-07,3
2253,planeta rica,8.412749,-75.584048,2015-03,1
2254,plato,37.151017700000004,-95.7691943,2011-08,2
2255,plato,37.151017700000004,-95.7691943,2018-09,1
2256,plato  magdalena,9.791337,-74.79752490000001,2018-04,1
2257,popayan,2.4448142999999996,-76.6147395,2011-05,2
2258,popayan,2.4448142999999996,-76.6147395,2011-07,2
2259,popayan,2.4448142999999996,-76.6147395,2011-08,1
2260,popayan,2.4448142999999996,-76.6147395,2011-11,2
2261,popayan,2.4448142999999996,-76.6147395,2012-01,1
2262,popayan,2.4448142999999996,-76.6147395,2012-03,2
2263,popayan,2.4448142999999996,-76.6147395,2012-06,2
2264,popayan,2.4448142999999996,-76.6147395,2013-06,1
2265,popayan,2.4448142999999996,-76.6147395,2013-11,2
2266,popayan,2.4448142999999996,-76.6147395,2013-12,1
2267,popayan,2.4448142999999996,-76.6147395,2014-01,1
2268,popayan,2.4448142999999996,-76.6147395,2014-05,3
2269,popayan,2.4448142999999996,-76.6147395,2014-07,1
2270,popayan,2.4448142999999996,-76.6147395,2014-11,1
2271,popayan,2.4448142999999996,-76.6147395,2015-01,1
2272,popayan,2.4448142999999996,-76.6147395,2015-04,1
2273,popayan,2.4448142999999996,-76.6147395,2015-05,1
2274,popayan,2.4448142999999996,-76.6147395,2015-07,1
2275,popayan,2.4448142999999996,-76.6147395,2015-09,1
2276,popayan,2.4448142999999996,-76.6147395,2015-12,1
2277,popayan,2.4448142999999996,-76.6147395,2016-05,2
2278,popayan,2.4448142999999996,-76.6147395,2016-10,1
2279,popayan,2.4448142999999996,-76.6147395,2017-03,1
2280,popayan,2.4448142999999996,-76.6147395,2017-07,1
2281,popayan,2.4448142999999996,-76.6147395,2017-08,1
2282,popayan,2.4448142999999996,-76.6147395,2017-09,2
2283,popayan,2.4448142999999996,-76.6147395,2017-12,2
2284,popayan,2.4448142999999996,-76.6147395,2018-03,1
2285,popayan,2.4448142999999996,-76.6147395,2018-05,2
2286,popayan,2.4448142999999996,-76.6147395,2018-07,1
2287,popayan,2.4448142999999996,-76.6147395,2018-09,3
2288,popayan,2.4448142999999996,-76.6147395,2018-10,1
2289,popayan,2.4448142999999996,-76.6147395,2019-01,1
2290,popayan,2.4448142999999996,-76.6147395,2019-02,1
2291,popayan,2.4448142999999996,-76.6147395,2019-05,1
2292,popayan,2.4448142999999996,-76.6147395,2019-11,1
2293,popayan,2.4448142999999996,-76.6147395,2020-02,1
2294,popayan,2.4448142999999996,-76.6147395,2020-05,1
2295,popayan,2.4448142999999996,-76.6147395,2020-06,1
2296,puerto berro,6.4895388,-74.4047587,2019-10,1
2297,puerto carreo,6.1899117,-67.48256959999999,2015-02,1
2298,puerto colombia,11.001004,-74.950761,2020-05,1
2299,puerto lpez,-1.5539322,-80.80455680000001,2013-09,2
2300,puerto lpez,-1.5539322,-80.80455680000001,2013-11,1
2301,puerto lpez,-1.5539322,-80.80455680000001,2014-08,1
2302,puerto tejada,3.22059,-76.415465,2020-12,1
2303,puerto triunfo,5.872518800000001,-74.63988599999998,2015-09,1
2304,puerto triunfo,5.872518800000001,-74.63988599999998,2017-04,1
2305,purificacin,29.5919776,-98.6159064,2020-07,1
2306,quetzaltenango,14.8446068,-91.52318659999999,2017-10,2
2307,quetzaltenango,14.8446068,-91.52318659999999,2018-03,1
2308,quetzaltenango,14.8446068,-91.52318659999999,2019-02,1
2309,quibdo,5.695633,-76.649812,2014-10,1
2310,quibdo,5.695633,-76.649812,2017-08,1
2311,quibdo,5.695633,-76.649812,2018-02,1
2312,quibdo,5.695633,-76.649812,2019-05,1
2313,quibdo,5.695633,-76.649812,2020-02,1
2314,quimchia,5.3411190999999985,-75.73047559999998,2019-07,1
2315,quito,-0.1806532,-78.4678382,2011-03,2
2316,quito,-0.1806532,-78.4678382,2011-08,1
2317,quito,-0.1806532,-78.4678382,2012-03,1
2318,quito,-0.1806532,-78.4678382,2012-05,1
2319,quito,-0.1806532,-78.4678382,2012-08,1
2320,quito,-0.1806532,-78.4678382,2013-06,1
2321,quito,-0.1806532,-78.4678382,2013-07,1
2322,quito,-0.1806532,-78.4678382,2013-10,1
2323,quito,-0.1806532,-78.4678382,2014-01,1
2324,quito,-0.1806532,-78.4678382,2014-09,2
2325,quito,-0.1806532,-78.4678382,2014-10,1
2326,quito,-0.1806532,-78.4678382,2014-11,1
2327,quito,-0.1806532,-78.4678382,2015-01,1
2328,quito,-0.1806532,-78.4678382,2015-09,2
2329,quito,-0.1806532,-78.4678382,2017-03,1
2330,quito,-0.1806532,-78.4678382,2017-11,1
2331,quito,-0.1806532,-78.4678382,2018-04,1
2332,quito,-0.1806532,-78.4678382,2018-05,1
2333,quito,-0.1806532,-78.4678382,2018-11,1
2334,quito,-0.1806532,-78.4678382,2019-04,1
2335,quito,-0.1806532,-78.4678382,2019-09,1
2336,quito,-0.1806532,-78.4678382,2019-10,1
2337,quito,-0.1806532,-78.4678382,2020-02,1
2338,quito sur,-0.1806532,-78.4678382,2019-06,1
2339,republica de panama,8.537981,-80.782127,2014-04,1
2340,republica de panama,8.537981,-80.782127,2015-03,1
2341,riohacha,11.5384151,-72.91678379999998,2011-06,1
2342,riohacha,11.5384151,-72.91678379999998,2011-07,1
2343,riohacha,11.5384151,-72.91678379999998,2011-12,1
2344,riohacha,11.5384151,-72.91678379999998,2012-02,1
2345,riohacha,11.5384151,-72.91678379999998,2012-03,1
2346,riohacha,11.5384151,-72.91678379999998,2012-04,2
2347,riohacha,11.5384151,-72.91678379999998,2012-05,1
2348,riohacha,11.5384151,-72.91678379999998,2012-06,1
2349,riohacha,11.5384151,-72.91678379999998,2012-07,1
2350,riohacha,11.5384151,-72.91678379999998,2012-08,1
2351,riohacha,11.5384151,-72.91678379999998,2012-10,1
2352,riohacha,11.5384151,-72.91678379999998,2012-12,1
2353,riohacha,11.5384151,-72.91678379999998,2013-01,1
2354,riohacha,11.5384151,-72.91678379999998,2013-04,1
2355,riohacha,11.5384151,-72.91678379999998,2014-01,2
2356,riohacha,11.5384151,-72.91678379999998,2014-03,1
2357,riohacha,11.5384151,-72.91678379999998,2014-10,1
2358,riohacha,11.5384151,-72.91678379999998,2014-11,1
2359,riohacha,11.5384151,-72.91678379999998,2015-10,1
2360,riohacha,11.5384151,-72.91678379999998,2016-02,1
2361,riohacha,11.5384151,-72.91678379999998,2017-06,1
2362,riohacha,11.5384151,-72.91678379999998,2017-10,1
2363,riohacha,11.5384151,-72.91678379999998,2018-03,1
2364,riohacha,11.5384151,-72.91678379999998,2018-07,2
2365,riohacha,11.5384151,-72.91678379999998,2019-04,1
2366,riohacha,11.5384151,-72.91678379999998,2019-08,2
2367,riohacha,11.5384151,-72.91678379999998,2019-10,1
2368,riohacha,11.5384151,-72.91678379999998,2020-01,1
2369,riohacha,11.5384151,-72.91678379999998,2020-03,1
2370,riohacha,11.5384151,-72.91678379999998,2020-05,1
2371,rionegro,6.149018799999999,-75.3789523,2010-08,1
2372,rionegro,6.149018799999999,-75.3789523,2010-11,1
2373,rionegro,6.149018799999999,-75.3789523,2010-12,1
2374,rionegro,6.149018799999999,-75.3789523,2011-04,2
2375,rionegro,6.149018799999999,-75.3789523,2011-05,1
2376,rionegro,6.149018799999999,-75.3789523,2011-07,1
2377,rionegro,6.149018799999999,-75.3789523,2011-08,1
2378,rionegro,6.149018799999999,-75.3789523,2011-09,3
2379,rionegro,6.149018799999999,-75.3789523,2011-10,1
2380,rionegro,6.149018799999999,-75.3789523,2012-01,1
2381,rionegro,6.149018799999999,-75.3789523,2015-08,1
2382,rionegro,6.149018799999999,-75.3789523,2016-03,1
2383,rionegro,6.149018799999999,-75.3789523,2016-06,1
2384,rionegro,6.149018799999999,-75.3789523,2016-09,1
2385,rionegro,6.149018799999999,-75.3789523,2016-10,1
2386,rionegro,6.149018799999999,-75.3789523,2018-06,1
2387,rionegro,6.149018799999999,-75.3789523,2018-07,1
2388,rionegro,6.149018799999999,-75.3789523,2018-08,1
2389,rionegro,6.149018799999999,-75.3789523,2019-01,1
2390,rionegro,6.149018799999999,-75.3789523,2019-03,1
2391,rionegro,6.149018799999999,-75.3789523,2019-07,1
2392,rionegro,6.149018799999999,-75.3789523,2020-01,2
2393,rionegro,6.149018799999999,-75.3789523,2020-04,1
2394,rionegro,6.149018799999999,-75.3789523,2020-11,1
2395,sabana de torres,7.391940400000001,-73.49985,2013-06,1
2396,sabana de torres,7.391940400000001,-73.49985,2014-02,1
2397,sabana de torres,7.391940400000001,-73.49985,2014-07,1
2398,sabana de torres,7.391940400000001,-73.49985,2017-11,1
2399,sabana de torres,7.391940400000001,-73.49985,2018-06,1
2400,sabana de torres,7.391940400000001,-73.49985,2019-08,1
2401,sabana de torres,7.391940400000001,-73.49985,2019-10,1
2402,sabaneta,6.1504856,-75.61687859999998,2011-03,1
2403,sabaneta,6.1504856,-75.61687859999998,2011-06,1
2404,sabaneta,6.1504856,-75.61687859999998,2011-08,1
2405,sabaneta,6.1504856,-75.61687859999998,2011-11,1
2406,sabaneta,6.1504856,-75.61687859999998,2012-02,1
2407,sabaneta,6.1504856,-75.61687859999998,2012-04,1
2408,sabaneta,6.1504856,-75.61687859999998,2012-08,1
2409,sabaneta,6.1504856,-75.61687859999998,2012-11,1
2410,sabaneta,6.1504856,-75.61687859999998,2013-03,1
2411,sabaneta,6.1504856,-75.61687859999998,2016-01,1
2412,sabaneta,6.1504856,-75.61687859999998,2019-05,1
2413,sabaneta,6.1504856,-75.61687859999998,2019-09,1
2414,salazar,29.798657399999996,-95.3983082,2017-03,1
2415,salazar,29.798657399999996,-95.3983082,2019-11,1
2416,san alberto,7.763668400000001,-73.39321170000001,2012-10,2
2417,san alberto,7.763668400000001,-73.39321170000001,2012-12,1
2418,san alberto,7.763668400000001,-73.39321170000001,2014-06,1
2419,san alberto,7.763668400000001,-73.39321170000001,2015-11,2
2420,san alberto,7.763668400000001,-73.39321170000001,2016-06,2
2421,san alberto,7.763668400000001,-73.39321170000001,2016-09,1
2422,san alberto,7.763668400000001,-73.39321170000001,2019-08,1
2423,san andres de tumaco,1.787434,-78.791265,2019-03,1
2424,san andres de tumaco,1.787434,-78.791265,2019-04,1
2425,san andres de tumaco,1.787434,-78.791265,2019-05,1
2426,san andres de tumaco,1.787434,-78.791265,2019-07,2
2427,san andres de tumaco,1.787434,-78.791265,2019-09,2
2428,san andres de tumaco,1.787434,-78.791265,2019-12,1
2429,san antonio de prado,29.576824300000002,-98.6254193,2019-06,1
2430,san cayetano,31.4798126,-110.9629287,2016-12,1
2431,san cayetano,31.4798126,-110.9629287,2018-12,1
2432,san cristobal,16.736992800000003,-92.6375988,2010-07,1
2433,san cristobal,16.736992800000003,-92.6375988,2010-08,1
2434,san cristobal,16.736992800000003,-92.6375988,2010-10,1
2435,san cristobal,16.736992800000003,-92.6375988,2011-01,1
2436,san cristobal,16.736992800000003,-92.6375988,2011-04,1
2437,san cristobal,16.736992800000003,-92.6375988,2011-06,1
2438,san cristobal,16.736992800000003,-92.6375988,2011-09,4
2439,san cristobal,16.736992800000003,-92.6375988,2011-11,1
2440,san cristobal,16.736992800000003,-92.6375988,2011-12,1
2441,san cristobal,16.736992800000003,-92.6375988,2012-02,1
2442,san cristobal,16.736992800000003,-92.6375988,2012-03,1
2443,san cristobal,16.736992800000003,-92.6375988,2012-04,1
2444,san cristobal,16.736992800000003,-92.6375988,2012-06,1
2445,san cristobal,16.736992800000003,-92.6375988,2012-07,3
2446,san cristobal,16.736992800000003,-92.6375988,2012-12,1
2447,san cristobal,16.736992800000003,-92.6375988,2013-02,1
2448,san cristobal,16.736992800000003,-92.6375988,2013-06,1
2449,san cristobal,16.736992800000003,-92.6375988,2013-07,4
2450,san cristobal,16.736992800000003,-92.6375988,2014-06,1
2451,san cristobal,16.736992800000003,-92.6375988,2014-07,1
2452,san cristobal,16.736992800000003,-92.6375988,2014-08,2
2453,san diego,32.715738,-117.1610838,2019-06,1
2454,san gil,6.554824000000001,-73.13412,2010-12,1
2455,san gil,6.554824000000001,-73.13412,2011-03,1
2456,san gil,6.554824000000001,-73.13412,2012-01,1
2457,san gil,6.554824000000001,-73.13412,2012-05,1
2458,san gil,6.554824000000001,-73.13412,2012-11,1
2459,san gil,6.554824000000001,-73.13412,2013-02,2
2460,san gil,6.554824000000001,-73.13412,2013-03,1
2461,san gil,6.554824000000001,-73.13412,2013-05,1
2462,san gil,6.554824000000001,-73.13412,2013-11,1
2463,san gil,6.554824000000001,-73.13412,2013-12,1
2464,san gil,6.554824000000001,-73.13412,2014-01,1
2465,san gil,6.554824000000001,-73.13412,2014-03,3
2466,san gil,6.554824000000001,-73.13412,2014-05,1
2467,san gil,6.554824000000001,-73.13412,2014-06,2
2468,san gil,6.554824000000001,-73.13412,2014-07,2
2469,san gil,6.554824000000001,-73.13412,2014-08,3
2470,san gil,6.554824000000001,-73.13412,2014-09,2
2471,san gil,6.554824000000001,-73.13412,2014-11,2
2472,san gil,6.554824000000001,-73.13412,2015-02,1
2473,san gil,6.554824000000001,-73.13412,2015-05,1
2474,san gil,6.554824000000001,-73.13412,2015-06,1
2475,san gil,6.554824000000001,-73.13412,2015-11,1
2476,san gil,6.554824000000001,-73.13412,2015-12,1
2477,san gil,6.554824000000001,-73.13412,2016-02,1
2478,san gil,6.554824000000001,-73.13412,2016-06,1
2479,san gil,6.554824000000001,-73.13412,2016-07,2
2480,san gil,6.554824000000001,-73.13412,2017-07,1
2481,san gil,6.554824000000001,-73.13412,2017-09,1
2482,san gil,6.554824000000001,-73.13412,2017-11,1
2483,san gil,6.554824000000001,-73.13412,2017-12,1
2484,san gil,6.554824000000001,-73.13412,2018-02,1
2485,san gil,6.554824000000001,-73.13412,2018-05,1
2486,san gil,6.554824000000001,-73.13412,2018-10,1
2487,san gil,6.554824000000001,-73.13412,2019-05,1
2488,san gil,6.554824000000001,-73.13412,2019-10,1
2489,san gil,6.554824000000001,-73.13412,2019-12,1
2490,san gil,6.554824000000001,-73.13412,2020-01,1
2491,san jos del guaviare,2.5677606,-72.63965350000001,2019-05,1
2492,san jos del guaviare,2.5677606,-72.63965350000001,2019-10,1
2493,san jos del guaviare,2.5677606,-72.63965350000001,2019-11,1
2494,san jos del guaviare,2.5677606,-72.63965350000001,2019-12,1
2495,san jose de costa rica,9.9280694,-84.09072459999999,2019-12,1
2496,san juan,18.465539399999997,-66.1057355,2014-07,1
2497,san pedro,33.7360619,-118.29224609999999,2019-08,1
2498,san pedro garza garcia n,25.6573447,-100.40175009999999,2012-06,1
2499,san salvador,13.692940300000002,-89.2181911,2019-01,1
2500,san sebastian de bue,19.7252777,-99.60249990000001,2018-12,2
2501,san sebastian de bue,19.7252777,-99.60249990000001,2020-01,1
2502,san sebastin de buenavis,9.238928900000001,-74.3500155,2018-05,2
2503,san sebastin de buenavis,9.238928900000001,-74.3500155,2018-07,1
2504,sant rosa de cabal,4.870121,-75.62239,2020-01,1
2505,santa ana,33.7454725,-117.867653,2020-12,1
2506,santa cruz de la sierra,-17.8145819,-63.1560853,2011-04,1
2507,santa marta,11.2403547,-74.2110227,2010-07,1
2508,santa marta,11.2403547,-74.2110227,2010-08,1
2509,santa marta,11.2403547,-74.2110227,2010-10,1
2510,santa marta,11.2403547,-74.2110227,2011-01,2
2511,santa marta,11.2403547,-74.2110227,2011-02,1
2512,santa marta,11.2403547,-74.2110227,2011-03,2
2513,santa marta,11.2403547,-74.2110227,2011-04,2
2514,santa marta,11.2403547,-74.2110227,2011-05,1
2515,santa marta,11.2403547,-74.2110227,2011-07,5
2516,santa marta,11.2403547,-74.2110227,2011-08,2
2517,santa marta,11.2403547,-74.2110227,2011-09,1
2518,santa marta,11.2403547,-74.2110227,2011-10,1
2519,santa marta,11.2403547,-74.2110227,2011-11,1
2520,santa marta,11.2403547,-74.2110227,2012-01,3
2521,santa marta,11.2403547,-74.2110227,2012-02,1
2522,santa marta,11.2403547,-74.2110227,2012-03,3
2523,santa marta,11.2403547,-74.2110227,2012-04,1
2524,santa marta,11.2403547,-74.2110227,2012-06,2
2525,santa marta,11.2403547,-74.2110227,2012-08,1
2526,santa marta,11.2403547,-74.2110227,2012-09,1
2527,santa marta,11.2403547,-74.2110227,2012-11,1
2528,santa marta,11.2403547,-74.2110227,2013-03,1
2529,santa marta,11.2403547,-74.2110227,2013-04,1
2530,santa marta,11.2403547,-74.2110227,2013-05,1
2531,santa marta,11.2403547,-74.2110227,2013-07,1
2532,santa marta,11.2403547,-74.2110227,2013-10,2
2533,santa marta,11.2403547,-74.2110227,2014-01,1
2534,santa marta,11.2403547,-74.2110227,2014-03,1
2535,santa marta,11.2403547,-74.2110227,2014-08,1
2536,santa marta,11.2403547,-74.2110227,2014-11,1
2537,santa marta,11.2403547,-74.2110227,2015-04,1
2538,santa marta,11.2403547,-74.2110227,2015-05,1
2539,santa marta,11.2403547,-74.2110227,2015-07,1
2540,santa marta,11.2403547,-74.2110227,2015-08,1
2541,santa marta,11.2403547,-74.2110227,2016-02,1
2542,santa marta,11.2403547,-74.2110227,2017-02,1
2543,santa marta,11.2403547,-74.2110227,2017-09,3
2544,santa marta,11.2403547,-74.2110227,2017-10,1
2545,santa marta,11.2403547,-74.2110227,2017-12,1
2546,santa marta,11.2403547,-74.2110227,2018-05,2
2547,santa marta,11.2403547,-74.2110227,2018-06,3
2548,santa marta,11.2403547,-74.2110227,2018-11,2
2549,santa marta,11.2403547,-74.2110227,2019-01,1
2550,santa marta,11.2403547,-74.2110227,2019-03,1
2551,santa marta,11.2403547,-74.2110227,2019-06,2
2552,santa marta,11.2403547,-74.2110227,2019-07,1
2553,santa marta,11.2403547,-74.2110227,2019-10,1
2554,santa marta,11.2403547,-74.2110227,2019-11,1
2555,santa marta,11.2403547,-74.2110227,2019-12,2
2556,santa marta,11.2403547,-74.2110227,2020-01,1
2557,santa marta,11.2403547,-74.2110227,2020-06,1
2558,santa marta,11.2403547,-74.2110227,2020-11,2
2559,santa rosa de cabal,4.870121,-75.62239,2017-02,1
2560,santa rosa de cabal,4.870121,-75.62239,2018-07,1
2561,santa rosa de cabal,4.870121,-75.62239,2019-02,2
2562,santa rosa de cabal,4.870121,-75.62239,2019-12,1
2563,santa rosa de cabal,4.870121,-75.62239,2020-12,1
2564,santa rosa de osos,6.6470033,-75.46044970000001,2017-10,1
2565,santa rosa de osos,6.6470033,-75.46044970000001,2018-04,1
2566,santa rosa de osos,6.6470033,-75.46044970000001,2020-05,1
2567,santa rosa del sur,7.9630638,-74.05097479999998,2017-03,1
2568,santa rosa del sur,7.9630638,-74.05097479999998,2019-09,1
2569,santander,32.782135499999995,-96.79814809999999,2017-08,1
2570,santander,32.782135499999995,-96.79814809999999,2017-09,1
2571,santiago de tol,0.0,0.0,2015-06,1
2572,santo domingo,18.4860575,-69.93121169999999,2016-01,1
2573,saravena,6.9561069999999985,-71.87259499999998,2012-07,1
2574,saravena,6.9561069999999985,-71.87259499999998,2012-12,1
2575,saravena,6.9561069999999985,-71.87259499999998,2013-03,1
2576,saravena,6.9561069999999985,-71.87259499999998,2013-11,1
2577,saravena,6.9561069999999985,-71.87259499999998,2013-12,1
2578,saravena,6.9561069999999985,-71.87259499999998,2014-02,1
2579,saravena,6.9561069999999985,-71.87259499999998,2014-09,1
2580,saravena,6.9561069999999985,-71.87259499999998,2014-10,1
2581,saravena,6.9561069999999985,-71.87259499999998,2015-03,1
2582,saravena,6.9561069999999985,-71.87259499999998,2015-08,2
2583,saravena,6.9561069999999985,-71.87259499999998,2015-09,1
2584,saravena,6.9561069999999985,-71.87259499999998,2017-03,1
2585,saravena,6.9561069999999985,-71.87259499999998,2017-04,1
2586,saravena,6.9561069999999985,-71.87259499999998,2017-08,1
2587,saravena,6.9561069999999985,-71.87259499999998,2017-09,1
2588,saravena,6.9561069999999985,-71.87259499999998,2018-02,1
2589,saravena,6.9561069999999985,-71.87259499999998,2018-12,1
2590,saravena,6.9561069999999985,-71.87259499999998,2019-01,1
2591,saravena,6.9561069999999985,-71.87259499999998,2019-11,1
2592,saravena,6.9561069999999985,-71.87259499999998,2020-02,2
2593,saravena,6.9561069999999985,-71.87259499999998,2020-04,1
2594,saravena,6.9561069999999985,-71.87259499999998,2020-10,1
2595,segovia,40.9429032,-4.1088068999999985,2020-02,1
2596,sincelejo,9.3045773,-75.39055669999998,2010-07,2
2597,sincelejo,9.3045773,-75.39055669999998,2010-09,1
2598,sincelejo,9.3045773,-75.39055669999998,2010-12,1
2599,sincelejo,9.3045773,-75.39055669999998,2011-02,1
2600,sincelejo,9.3045773,-75.39055669999998,2011-07,1
2601,sincelejo,9.3045773,-75.39055669999998,2011-08,1
2602,sincelejo,9.3045773,-75.39055669999998,2011-09,1
2603,sincelejo,9.3045773,-75.39055669999998,2011-11,5
2604,sincelejo,9.3045773,-75.39055669999998,2011-12,1
2605,sincelejo,9.3045773,-75.39055669999998,2012-02,3
2606,sincelejo,9.3045773,-75.39055669999998,2012-03,2
2607,sincelejo,9.3045773,-75.39055669999998,2012-04,1
2608,sincelejo,9.3045773,-75.39055669999998,2012-05,1
2609,sincelejo,9.3045773,-75.39055669999998,2012-08,2
2610,sincelejo,9.3045773,-75.39055669999998,2012-11,3
2611,sincelejo,9.3045773,-75.39055669999998,2013-02,1
2612,sincelejo,9.3045773,-75.39055669999998,2013-03,1
2613,sincelejo,9.3045773,-75.39055669999998,2013-04,2
2614,sincelejo,9.3045773,-75.39055669999998,2013-06,1
2615,sincelejo,9.3045773,-75.39055669999998,2013-07,2
2616,sincelejo,9.3045773,-75.39055669999998,2013-08,2
2617,sincelejo,9.3045773,-75.39055669999998,2013-09,1
2618,sincelejo,9.3045773,-75.39055669999998,2013-10,1
2619,sincelejo,9.3045773,-75.39055669999998,2013-11,2
2620,sincelejo,9.3045773,-75.39055669999998,2013-12,1
2621,sincelejo,9.3045773,-75.39055669999998,2014-01,1
2622,sincelejo,9.3045773,-75.39055669999998,2014-05,2
2623,sincelejo,9.3045773,-75.39055669999998,2014-06,1
2624,sincelejo,9.3045773,-75.39055669999998,2014-07,2
2625,sincelejo,9.3045773,-75.39055669999998,2014-08,1
2626,sincelejo,9.3045773,-75.39055669999998,2014-09,1
2627,sincelejo,9.3045773,-75.39055669999998,2014-10,1
2628,sincelejo,9.3045773,-75.39055669999998,2014-11,3
2629,sincelejo,9.3045773,-75.39055669999998,2015-01,1
2630,sincelejo,9.3045773,-75.39055669999998,2015-03,2
2631,sincelejo,9.3045773,-75.39055669999998,2015-04,1
2632,sincelejo,9.3045773,-75.39055669999998,2015-09,1
2633,sincelejo,9.3045773,-75.39055669999998,2015-11,1
2634,sincelejo,9.3045773,-75.39055669999998,2016-01,1
2635,sincelejo,9.3045773,-75.39055669999998,2016-04,1
2636,sincelejo,9.3045773,-75.39055669999998,2016-05,1
2637,sincelejo,9.3045773,-75.39055669999998,2016-06,1
2638,sincelejo,9.3045773,-75.39055669999998,2017-01,2
2639,sincelejo,9.3045773,-75.39055669999998,2017-06,1
2640,sincelejo,9.3045773,-75.39055669999998,2017-09,2
2641,sincelejo,9.3045773,-75.39055669999998,2017-10,1
2642,sincelejo,9.3045773,-75.39055669999998,2017-11,3
2643,sincelejo,9.3045773,-75.39055669999998,2017-12,3
2644,sincelejo,9.3045773,-75.39055669999998,2018-01,2
2645,sincelejo,9.3045773,-75.39055669999998,2018-02,1
2646,sincelejo,9.3045773,-75.39055669999998,2018-04,1
2647,sincelejo,9.3045773,-75.39055669999998,2018-08,1
2648,sincelejo,9.3045773,-75.39055669999998,2018-09,1
2649,sincelejo,9.3045773,-75.39055669999998,2019-02,1
2650,sincelejo,9.3045773,-75.39055669999998,2019-05,1
2651,sincelejo,9.3045773,-75.39055669999998,2019-06,2
2652,sincelejo,9.3045773,-75.39055669999998,2019-07,1
2653,sincelejo,9.3045773,-75.39055669999998,2019-09,1
2654,sincelejo,9.3045773,-75.39055669999998,2019-10,1
2655,sincelejo,9.3045773,-75.39055669999998,2019-11,1
2656,sincelejo,9.3045773,-75.39055669999998,2020-06,1
2657,soacha,4.5827227,-74.21174649999998,2010-03,1
2658,soacha,4.5827227,-74.21174649999998,2010-08,1
2659,soacha,4.5827227,-74.21174649999998,2010-09,2
2660,soacha,4.5827227,-74.21174649999998,2010-10,2
2661,soacha,4.5827227,-74.21174649999998,2010-12,3
2662,soacha,4.5827227,-74.21174649999998,2011-01,2
2663,soacha,4.5827227,-74.21174649999998,2011-04,2
2664,soacha,4.5827227,-74.21174649999998,2011-05,2
2665,soacha,4.5827227,-74.21174649999998,2011-06,1
2666,soacha,4.5827227,-74.21174649999998,2011-07,1
2667,soacha,4.5827227,-74.21174649999998,2011-08,1
2668,soacha,4.5827227,-74.21174649999998,2011-09,2
2669,soacha,4.5827227,-74.21174649999998,2011-10,1
2670,soacha,4.5827227,-74.21174649999998,2011-11,1
2671,soacha,4.5827227,-74.21174649999998,2012-01,1
2672,soacha,4.5827227,-74.21174649999998,2012-02,2
2673,soacha,4.5827227,-74.21174649999998,2012-04,1
2674,soacha,4.5827227,-74.21174649999998,2012-05,1
2675,soacha,4.5827227,-74.21174649999998,2012-06,1
2676,soacha,4.5827227,-74.21174649999998,2012-08,1
2677,soacha,4.5827227,-74.21174649999998,2012-10,1
2678,soacha,4.5827227,-74.21174649999998,2013-02,1
2679,soacha,4.5827227,-74.21174649999998,2013-05,1
2680,soacha,4.5827227,-74.21174649999998,2013-06,1
2681,soacha,4.5827227,-74.21174649999998,2013-08,1
2682,soacha,4.5827227,-74.21174649999998,2013-11,1
2683,soacha,4.5827227,-74.21174649999998,2013-12,1
2684,soacha,4.5827227,-74.21174649999998,2014-02,1
2685,soacha,4.5827227,-74.21174649999998,2014-04,1
2686,soacha,4.5827227,-74.21174649999998,2014-05,1
2687,soacha,4.5827227,-74.21174649999998,2014-06,3
2688,soacha,4.5827227,-74.21174649999998,2014-07,2
2689,soacha,4.5827227,-74.21174649999998,2014-08,1
2690,soacha,4.5827227,-74.21174649999998,2014-11,2
2691,soacha,4.5827227,-74.21174649999998,2015-03,2
2692,soacha,4.5827227,-74.21174649999998,2015-04,1
2693,soacha,4.5827227,-74.21174649999998,2015-06,1
2694,soacha,4.5827227,-74.21174649999998,2015-08,2
2695,soacha,4.5827227,-74.21174649999998,2015-09,1
2696,soacha,4.5827227,-74.21174649999998,2015-10,1
2697,soacha,4.5827227,-74.21174649999998,2015-12,5
2698,soacha,4.5827227,-74.21174649999998,2016-01,2
2699,soacha,4.5827227,-74.21174649999998,2016-02,2
2700,soacha,4.5827227,-74.21174649999998,2016-04,1
2701,soacha,4.5827227,-74.21174649999998,2016-05,1
2702,soacha,4.5827227,-74.21174649999998,2016-06,1
2703,soacha,4.5827227,-74.21174649999998,2016-07,1
2704,soacha,4.5827227,-74.21174649999998,2016-08,1
2705,soacha,4.5827227,-74.21174649999998,2016-09,1
2706,soacha,4.5827227,-74.21174649999998,2016-10,2
2707,soacha,4.5827227,-74.21174649999998,2016-12,2
2708,soacha,4.5827227,-74.21174649999998,2017-01,1
2709,soacha,4.5827227,-74.21174649999998,2017-02,1
2710,soacha,4.5827227,-74.21174649999998,2017-03,1
2711,soacha,4.5827227,-74.21174649999998,2017-04,1
2712,soacha,4.5827227,-74.21174649999998,2017-08,2
2713,soacha,4.5827227,-74.21174649999998,2017-10,2
2714,soacha,4.5827227,-74.21174649999998,2017-11,1
2715,soacha,4.5827227,-74.21174649999998,2017-12,2
2716,soacha,4.5827227,-74.21174649999998,2018-01,3
2717,soacha,4.5827227,-74.21174649999998,2018-02,3
2718,soacha,4.5827227,-74.21174649999998,2018-04,3
2719,soacha,4.5827227,-74.21174649999998,2018-05,1
2720,soacha,4.5827227,-74.21174649999998,2018-06,3
2721,soacha,4.5827227,-74.21174649999998,2018-08,1
2722,soacha,4.5827227,-74.21174649999998,2019-01,2
2723,soacha,4.5827227,-74.21174649999998,2019-02,1
2724,soacha,4.5827227,-74.21174649999998,2019-03,3
2725,soacha,4.5827227,-74.21174649999998,2019-04,2
2726,soacha,4.5827227,-74.21174649999998,2019-05,3
2727,soacha,4.5827227,-74.21174649999998,2019-06,2
2728,soacha,4.5827227,-74.21174649999998,2019-07,2
2729,soacha,4.5827227,-74.21174649999998,2019-08,4
2730,soacha,4.5827227,-74.21174649999998,2019-09,3
2731,soacha,4.5827227,-74.21174649999998,2019-10,1
2732,soacha,4.5827227,-74.21174649999998,2019-11,1
2733,soacha,4.5827227,-74.21174649999998,2019-12,4
2734,soacha,4.5827227,-74.21174649999998,2020-01,3
2735,soacha,4.5827227,-74.21174649999998,2020-02,1
2736,soacha,4.5827227,-74.21174649999998,2020-06,2
2737,soacha,4.5827227,-74.21174649999998,2020-07,1
2738,soacha,4.5827227,-74.21174649999998,2020-09,1
2739,soacha,4.5827227,-74.21174649999998,2020-10,1
2740,sogamoso,5.7160848,-72.93112889999998,2010-01,1
2741,sogamoso,5.7160848,-72.93112889999998,2010-07,1
2742,sogamoso,5.7160848,-72.93112889999998,2010-09,1
2743,sogamoso,5.7160848,-72.93112889999998,2011-03,1
2744,sogamoso,5.7160848,-72.93112889999998,2011-10,3
2745,sogamoso,5.7160848,-72.93112889999998,2011-12,3
2746,sogamoso,5.7160848,-72.93112889999998,2012-10,1
2747,sogamoso,5.7160848,-72.93112889999998,2012-11,1
2748,sogamoso,5.7160848,-72.93112889999998,2014-06,1
2749,sogamoso,5.7160848,-72.93112889999998,2014-11,1
2750,sogamoso,5.7160848,-72.93112889999998,2014-12,1
2751,sogamoso,5.7160848,-72.93112889999998,2015-02,1
2752,sogamoso,5.7160848,-72.93112889999998,2015-06,1
2753,sogamoso,5.7160848,-72.93112889999998,2016-06,1
2754,sogamoso,5.7160848,-72.93112889999998,2017-05,1
2755,sogamoso,5.7160848,-72.93112889999998,2017-06,1
2756,sogamoso,5.7160848,-72.93112889999998,2017-11,1
2757,sogamoso,5.7160848,-72.93112889999998,2018-01,1
2758,sogamoso,5.7160848,-72.93112889999998,2018-02,1
2759,sogamoso,5.7160848,-72.93112889999998,2018-05,1
2760,sogamoso,5.7160848,-72.93112889999998,2018-07,1
2761,sogamoso,5.7160848,-72.93112889999998,2018-12,1
2762,sogamoso,5.7160848,-72.93112889999998,2019-10,1
2763,soledad,36.424687,-121.32631869999999,2014-03,1
2764,soledad,36.424687,-121.32631869999999,2018-11,1
2765,soledad,36.424687,-121.32631869999999,2019-02,1
2766,soledad,36.424687,-121.32631869999999,2019-06,1
2767,soledad,36.424687,-121.32631869999999,2019-11,2
2768,soledad,36.424687,-121.32631869999999,2020-09,1
2769,suan,26.1251452,-80.1367356,2016-02,1
2770,suan,26.1251452,-80.1367356,2016-05,1
2771,suan,26.1251452,-80.1367356,2016-07,1
2772,suan,26.1251452,-80.1367356,2016-08,1
2773,suan,26.1251452,-80.1367356,2016-09,1
2774,suan,26.1251452,-80.1367356,2016-10,1
2775,suan,26.1251452,-80.1367356,2016-12,1
2776,suan,26.1251452,-80.1367356,2017-03,2
2777,suan,26.1251452,-80.1367356,2017-07,1
2778,suan,26.1251452,-80.1367356,2017-09,1
2779,suan,26.1251452,-80.1367356,2018-02,3
2780,suan,26.1251452,-80.1367356,2018-06,1
2781,suan,26.1251452,-80.1367356,2018-10,1
2782,suan,26.1251452,-80.1367356,2019-01,1
2783,suan,26.1251452,-80.1367356,2019-05,1
2784,sutamarchan,5.620003,-73.620936,2011-06,2
2785,tame,0.0,0.0,2011-06,1
2786,tame,0.0,0.0,2011-12,2
2787,tame,0.0,0.0,2012-04,1
2788,tame,0.0,0.0,2014-01,1
2789,tame,0.0,0.0,2014-03,1
2790,tame,0.0,0.0,2015-02,1
2791,tame,0.0,0.0,2015-11,1
2792,tame,0.0,0.0,2016-01,1
2793,tame,0.0,0.0,2016-04,1
2794,tame,0.0,0.0,2016-10,1
2795,tame,0.0,0.0,2016-12,1
2796,tame,0.0,0.0,2017-01,1
2797,tame,0.0,0.0,2017-04,1
2798,tame,0.0,0.0,2017-08,1
2799,tame,0.0,0.0,2017-10,1
2800,tame,0.0,0.0,2017-11,1
2801,tame,0.0,0.0,2018-02,1
2802,tame,0.0,0.0,2018-12,1
2803,tame,0.0,0.0,2019-02,1
2804,tame,0.0,0.0,2019-07,1
2805,tame,0.0,0.0,2019-08,1
2806,tame,0.0,0.0,2019-09,1
2807,tame,0.0,0.0,2019-11,1
2808,tame,0.0,0.0,2019-12,1
2809,tame,0.0,0.0,2020-07,2
2810,tausa,5.1961819999999985,-73.88654090000001,2017-11,1
2811,tegucigalpa,14.065048999999998,-87.1715002,2015-10,1
2812,tenjo,4.872476,-74.14576989999998,2017-08,1
2813,tibu,8.642356,-72.73773299999998,2015-05,1
2814,tibu,8.642356,-72.73773299999998,2019-01,1
2815,tierralta,8.171571,-76.062313,2019-02,1
2816,tierralta,8.171571,-76.062313,2019-10,1
2817,tocaima,4.4585294,-74.6368449,2016-07,1
2818,tocaima,4.4585294,-74.6368449,2017-10,1
2819,tocaima,4.4585294,-74.6368449,2018-04,1
2820,tocancipa,4.9659372999999984,-73.91305990000001,2019-10,1
2821,tulu,43.492981,-70.452839,2010-07,1
2822,tulu,43.492981,-70.452839,2010-10,1
2823,tulu,43.492981,-70.452839,2011-03,3
2824,tulu,43.492981,-70.452839,2012-07,1
2825,tulu,43.492981,-70.452839,2013-11,1
2826,tulu,43.492981,-70.452839,2014-06,1
2827,tulu,43.492981,-70.452839,2015-03,1
2828,tulu,43.492981,-70.452839,2015-12,1
2829,tulu,43.492981,-70.452839,2016-03,1
2830,tulu,43.492981,-70.452839,2016-06,1
2831,tulu,43.492981,-70.452839,2019-11,1
2832,tulua,4.089869,-76.19149909999999,2019-01,1
2833,tulua,4.089869,-76.19149909999999,2019-12,1
2834,tulua,4.089869,-76.19149909999999,2020-07,1
2835,tumaco,1.787434,-78.791265,2016-05,2
2836,tumaco,1.787434,-78.791265,2016-11,1
2837,tumaco,1.787434,-78.791265,2017-03,1
2838,tumaco,1.787434,-78.791265,2017-05,1
2839,tumaco,1.787434,-78.791265,2017-06,1
2840,tumaco,1.787434,-78.791265,2017-09,1
2841,tumaco,1.787434,-78.791265,2017-11,1
2842,tumaco,1.787434,-78.791265,2017-12,1
2843,tumaco,1.787434,-78.791265,2018-07,1
2844,tunja,5.5446422,-73.3575572,2010-09,1
2845,tunja,5.5446422,-73.3575572,2010-10,1
2846,tunja,5.5446422,-73.3575572,2011-03,1
2847,tunja,5.5446422,-73.3575572,2011-05,1
2848,tunja,5.5446422,-73.3575572,2011-07,1
2849,tunja,5.5446422,-73.3575572,2011-09,1
2850,tunja,5.5446422,-73.3575572,2011-10,1
2851,tunja,5.5446422,-73.3575572,2011-12,1
2852,tunja,5.5446422,-73.3575572,2012-01,2
2853,tunja,5.5446422,-73.3575572,2012-02,3
2854,tunja,5.5446422,-73.3575572,2012-07,1
2855,tunja,5.5446422,-73.3575572,2012-09,1
2856,tunja,5.5446422,-73.3575572,2013-02,1
2857,tunja,5.5446422,-73.3575572,2013-05,1
2858,tunja,5.5446422,-73.3575572,2013-12,1
2859,tunja,5.5446422,-73.3575572,2014-04,1
2860,tunja,5.5446422,-73.3575572,2014-05,2
2861,tunja,5.5446422,-73.3575572,2014-06,2
2862,tunja,5.5446422,-73.3575572,2014-10,1
2863,tunja,5.5446422,-73.3575572,2015-05,2
2864,tunja,5.5446422,-73.3575572,2015-06,3
2865,tunja,5.5446422,-73.3575572,2015-08,3
2866,tunja,5.5446422,-73.3575572,2015-09,1
2867,tunja,5.5446422,-73.3575572,2015-10,1
2868,tunja,5.5446422,-73.3575572,2015-12,2
2869,tunja,5.5446422,-73.3575572,2016-04,1
2870,tunja,5.5446422,-73.3575572,2016-12,1
2871,tunja,5.5446422,-73.3575572,2017-01,1
2872,tunja,5.5446422,-73.3575572,2017-03,1
2873,tunja,5.5446422,-73.3575572,2018-06,1
2874,tunja,5.5446422,-73.3575572,2018-07,2
2875,tunja,5.5446422,-73.3575572,2018-10,1
2876,turbo,37.0620384,-94.4114303,2020-02,1
2877,ubate,5.312024,-73.81822199999998,2017-08,1
2878,ubate,5.312024,-73.81822199999998,2018-05,1
2879,ubate,5.312024,-73.81822199999998,2018-09,1
2880,ubate,5.312024,-73.81822199999998,2019-01,1
2881,valledupar,10.4742449,-73.2436335,2010-04,1
2882,valledupar,10.4742449,-73.2436335,2010-07,1
2883,valledupar,10.4742449,-73.2436335,2010-08,1
2884,valledupar,10.4742449,-73.2436335,2010-09,3
2885,valledupar,10.4742449,-73.2436335,2010-10,1
2886,valledupar,10.4742449,-73.2436335,2010-12,2
2887,valledupar,10.4742449,-73.2436335,2011-01,1
2888,valledupar,10.4742449,-73.2436335,2011-02,4
2889,valledupar,10.4742449,-73.2436335,2011-05,5
2890,valledupar,10.4742449,-73.2436335,2011-06,2
2891,valledupar,10.4742449,-73.2436335,2011-07,2
2892,valledupar,10.4742449,-73.2436335,2011-09,1
2893,valledupar,10.4742449,-73.2436335,2011-12,4
2894,valledupar,10.4742449,-73.2436335,2012-02,1
2895,valledupar,10.4742449,-73.2436335,2012-03,1
2896,valledupar,10.4742449,-73.2436335,2012-04,2
2897,valledupar,10.4742449,-73.2436335,2012-05,2
2898,valledupar,10.4742449,-73.2436335,2012-08,1
2899,valledupar,10.4742449,-73.2436335,2013-02,2
2900,valledupar,10.4742449,-73.2436335,2013-04,2
2901,valledupar,10.4742449,-73.2436335,2013-05,2
2902,valledupar,10.4742449,-73.2436335,2013-07,1
2903,valledupar,10.4742449,-73.2436335,2013-08,3
2904,valledupar,10.4742449,-73.2436335,2013-10,1
2905,valledupar,10.4742449,-73.2436335,2013-12,1
2906,valledupar,10.4742449,-73.2436335,2014-01,2
2907,valledupar,10.4742449,-73.2436335,2014-05,2
2908,valledupar,10.4742449,-73.2436335,2014-07,1
2909,valledupar,10.4742449,-73.2436335,2014-08,2
2910,valledupar,10.4742449,-73.2436335,2015-01,1
2911,valledupar,10.4742449,-73.2436335,2015-02,1
2912,valledupar,10.4742449,-73.2436335,2015-03,1
2913,valledupar,10.4742449,-73.2436335,2015-05,1
2914,valledupar,10.4742449,-73.2436335,2015-08,2
2915,valledupar,10.4742449,-73.2436335,2015-09,1
2916,valledupar,10.4742449,-73.2436335,2015-10,1
2917,valledupar,10.4742449,-73.2436335,2015-11,1
2918,valledupar,10.4742449,-73.2436335,2015-12,1
2919,valledupar,10.4742449,-73.2436335,2016-02,2
2920,valledupar,10.4742449,-73.2436335,2016-03,1
2921,valledupar,10.4742449,-73.2436335,2016-04,1
2922,valledupar,10.4742449,-73.2436335,2016-06,1
2923,valledupar,10.4742449,-73.2436335,2016-07,3
2924,valledupar,10.4742449,-73.2436335,2016-12,2
2925,valledupar,10.4742449,-73.2436335,2017-01,1
2926,valledupar,10.4742449,-73.2436335,2017-02,1
2927,valledupar,10.4742449,-73.2436335,2017-03,1
2928,valledupar,10.4742449,-73.2436335,2017-09,1
2929,valledupar,10.4742449,-73.2436335,2017-11,2
2930,valledupar,10.4742449,-73.2436335,2017-12,2
2931,valledupar,10.4742449,-73.2436335,2018-01,2
2932,valledupar,10.4742449,-73.2436335,2018-02,1
2933,valledupar,10.4742449,-73.2436335,2018-04,2
2934,valledupar,10.4742449,-73.2436335,2018-05,1
2935,valledupar,10.4742449,-73.2436335,2018-09,1
2936,valledupar,10.4742449,-73.2436335,2018-10,1
2937,valledupar,10.4742449,-73.2436335,2018-11,2
2938,valledupar,10.4742449,-73.2436335,2018-12,1
2939,valledupar,10.4742449,-73.2436335,2019-01,3
2940,valledupar,10.4742449,-73.2436335,2019-02,1
2941,valledupar,10.4742449,-73.2436335,2019-04,4
2942,valledupar,10.4742449,-73.2436335,2019-05,2
2943,valledupar,10.4742449,-73.2436335,2019-06,1
2944,valledupar,10.4742449,-73.2436335,2019-07,1
2945,valledupar,10.4742449,-73.2436335,2019-08,3
2946,valledupar,10.4742449,-73.2436335,2019-09,3
2947,valledupar,10.4742449,-73.2436335,2019-10,1
2948,valledupar,10.4742449,-73.2436335,2019-11,4
2949,valledupar,10.4742449,-73.2436335,2019-12,1
2950,valledupar,10.4742449,-73.2436335,2020-01,2
2951,valledupar,10.4742449,-73.2436335,2020-05,3
2952,valledupar,10.4742449,-73.2436335,2020-07,2
2953,valledupar,10.4742449,-73.2436335,2020-08,1
2954,valledupar,10.4742449,-73.2436335,2020-09,2
2955,velez,33.2142423,-96.63809690000001,2014-07,1
2956,velez,33.2142423,-96.63809690000001,2016-05,1
2957,villa del rosario,7.8437879,-72.46968970000002,2012-08,1
2958,villa del rosario,7.8437879,-72.46968970000002,2017-02,1
2959,villa del rosario,7.8437879,-72.46968970000002,2019-01,1
2960,villa del rosario,7.8437879,-72.46968970000002,2019-02,1
2961,villa del rosario,7.8437879,-72.46968970000002,2019-03,2
2962,villa del rosario,7.8437879,-72.46968970000002,2019-04,1
2963,villa del rosario,7.8437879,-72.46968970000002,2019-06,2
2964,villa del rosario,7.8437879,-72.46968970000002,2019-08,1
2965,villa del rosario,7.8437879,-72.46968970000002,2019-09,1
2966,villa del rosario,7.8437879,-72.46968970000002,2019-11,1
2967,villa del rosario,7.8437879,-72.46968970000002,2019-12,1
2968,villa del rosario,7.8437879,-72.46968970000002,2020-01,1
2969,villa del rosario,7.8437879,-72.46968970000002,2020-03,2
2970,villa del rosario,7.8437879,-72.46968970000002,2020-06,1
2971,villanueva,35.2654847,-105.34452079999998,2020-06,1
2972,villanueva   casanare,4.611251999999999,-72.92812599999998,2015-11,1
2973,villanueva   casanare,4.611251999999999,-72.92812599999998,2016-04,1
2974,villanueva   casanare,4.611251999999999,-72.92812599999998,2017-12,1
2975,villavicencio,4.149168799999999,-73.6285475,2010-06,1
2976,villavicencio,4.149168799999999,-73.6285475,2010-08,2
2977,villavicencio,4.149168799999999,-73.6285475,2010-10,2
2978,villavicencio,4.149168799999999,-73.6285475,2011-03,3
2979,villavicencio,4.149168799999999,-73.6285475,2011-05,1
2980,villavicencio,4.149168799999999,-73.6285475,2011-06,1
2981,villavicencio,4.149168799999999,-73.6285475,2011-07,1
2982,villavicencio,4.149168799999999,-73.6285475,2011-11,2
2983,villavicencio,4.149168799999999,-73.6285475,2011-12,1
2984,villavicencio,4.149168799999999,-73.6285475,2012-02,2
2985,villavicencio,4.149168799999999,-73.6285475,2012-03,1
2986,villavicencio,4.149168799999999,-73.6285475,2012-08,1
2987,villavicencio,4.149168799999999,-73.6285475,2012-09,3
2988,villavicencio,4.149168799999999,-73.6285475,2012-12,1
2989,villavicencio,4.149168799999999,-73.6285475,2013-01,1
2990,villavicencio,4.149168799999999,-73.6285475,2013-02,2
2991,villavicencio,4.149168799999999,-73.6285475,2013-04,1
2992,villavicencio,4.149168799999999,-73.6285475,2013-05,1
2993,villavicencio,4.149168799999999,-73.6285475,2013-06,2
2994,villavicencio,4.149168799999999,-73.6285475,2013-07,1
2995,villavicencio,4.149168799999999,-73.6285475,2013-08,1
2996,villavicencio,4.149168799999999,-73.6285475,2013-10,1
2997,villavicencio,4.149168799999999,-73.6285475,2013-11,1
2998,villavicencio,4.149168799999999,-73.6285475,2014-01,1
2999,villavicencio,4.149168799999999,-73.6285475,2014-02,2
3000,villavicencio,4.149168799999999,-73.6285475,2014-03,2
3001,villavicencio,4.149168799999999,-73.6285475,2014-04,2
3002,villavicencio,4.149168799999999,-73.6285475,2014-05,1
3003,villavicencio,4.149168799999999,-73.6285475,2014-07,1
3004,villavicencio,4.149168799999999,-73.6285475,2014-08,1
3005,villavicencio,4.149168799999999,-73.6285475,2014-09,2
3006,villavicencio,4.149168799999999,-73.6285475,2014-12,2
3007,villavicencio,4.149168799999999,-73.6285475,2015-01,1
3008,villavicencio,4.149168799999999,-73.6285475,2015-03,1
3009,villavicencio,4.149168799999999,-73.6285475,2015-04,1
3010,villavicencio,4.149168799999999,-73.6285475,2015-11,1
3011,villavicencio,4.149168799999999,-73.6285475,2015-12,1
3012,villavicencio,4.149168799999999,-73.6285475,2016-02,1
3013,villavicencio,4.149168799999999,-73.6285475,2016-05,1
3014,villavicencio,4.149168799999999,-73.6285475,2017-01,2
3015,villavicencio,4.149168799999999,-73.6285475,2017-02,1
3016,villavicencio,4.149168799999999,-73.6285475,2017-03,2
3017,villavicencio,4.149168799999999,-73.6285475,2017-06,2
3018,villavicencio,4.149168799999999,-73.6285475,2017-09,1
3019,villavicencio,4.149168799999999,-73.6285475,2017-10,1
3020,villavicencio,4.149168799999999,-73.6285475,2017-12,1
3021,villavicencio,4.149168799999999,-73.6285475,2018-05,4
3022,villavicencio,4.149168799999999,-73.6285475,2018-06,2
3023,villavicencio,4.149168799999999,-73.6285475,2018-08,2
3024,villavicencio,4.149168799999999,-73.6285475,2018-09,2
3025,villavicencio,4.149168799999999,-73.6285475,2018-12,4
3026,villavicencio,4.149168799999999,-73.6285475,2019-03,2
3027,villavicencio,4.149168799999999,-73.6285475,2019-04,2
3028,villavicencio,4.149168799999999,-73.6285475,2019-05,2
3029,villavicencio,4.149168799999999,-73.6285475,2019-06,1
3030,villavicencio,4.149168799999999,-73.6285475,2019-11,1
3031,villavicencio,4.149168799999999,-73.6285475,2019-12,1
3032,villavicencio,4.149168799999999,-73.6285475,2020-01,2
3033,villavicencio,4.149168799999999,-73.6285475,2020-03,1
3034,villavicencio,4.149168799999999,-73.6285475,2020-07,2
3035,villavicencio,4.149168799999999,-73.6285475,2020-10,1
3036,villavicencio,4.149168799999999,-73.6285475,2020-11,1
3037,villeta,5.011705999999999,-74.470362,2017-12,1
3038,willemstad,12.1224221,-68.8824233,2019-03,1
3039,willemstad,12.1224221,-68.8824233,2019-08,1
3040,willemstad,12.1224221,-68.8824233,2019-12,1
3041,yarumal,6.961969,-75.4190689,2010-10,1
3042,yarumal,6.961969,-75.4190689,2010-11,1
3043,yarumal,6.961969,-75.4190689,2011-07,1
3044,yarumal,6.961969,-75.4190689,2012-09,1
3045,yarumal,6.961969,-75.4190689,2013-12,1
3046,yarumal,6.961969,-75.4190689,2014-01,1
3047,yarumal,6.961969,-75.4190689,2014-12,1
3048,yarumal,6.961969,-75.4190689,2015-02,1
3049,yarumal,6.961969,-75.4190689,2015-03,1
3050,yarumal,6.961969,-75.4190689,2015-12,1
3051,yarumal,6.961969,-75.4190689,2016-02,1
3052,yarumal,6.961969,-75.4190689,2016-08,1
3053,yarumal,6.961969,-75.4190689,2016-11,1
3054,yarumal,6.961969,-75.4190689,2016-12,1
3055,yarumal,6.961969,-75.4190689,2017-05,1
3056,yarumal,6.961969,-75.4190689,2017-09,1
3057,yarumal,6.961969,-75.4190689,2018-03,1
3058,yarumal,6.961969,-75.4190689,2018-07,1
3059,yarumal,6.961969,-75.4190689,2018-11,1
3060,yarumal,6.961969,-75.4190689,2019-05,1
3061,yarumal,6.961969,-75.4190689,2019-08,2
3062,yarumal,6.961969,-75.4190689,2020-07,1
3063,yopal,5.348903,-72.40052299999998,2012-04,1
3064,yopal,5.348903,-72.40052299999998,2012-05,3
3065,yopal,5.348903,-72.40052299999998,2014-01,1
3066,yopal,5.348903,-72.40052299999998,2014-03,2
3067,yopal,5.348903,-72.40052299999998,2014-11,1
3068,yopal,5.348903,-72.40052299999998,2015-05,1
3069,yopal,5.348903,-72.40052299999998,2015-11,1
3070,yopal,5.348903,-72.40052299999998,2016-03,1
3071,yopal,5.348903,-72.40052299999998,2016-05,1
3072,yopal,5.348903,-72.40052299999998,2018-02,2
3073,yopal,5.348903,-72.40052299999998,2018-05,1
3074,yopal,5.348903,-72.40052299999998,2018-06,1
3075,yopal,5.348903,-72.40052299999998,2018-07,1
3076,yopal,5.348903,-72.40052299999998,2018-10,2
3077,yopal,5.348903,-72.40052299999998,2019-05,1
3078,yopal,5.348903,-72.40052299999998,2019-08,2
3079,yopal,5.348903,-72.40052299999998,2019-10,1
3080,yopal,5.348903,-72.40052299999998,2019-11,1
3081,yumbo,3.5453370000000004,-76.495026,2016-03,1
3082,yumbo,3.5453370000000004,-76.495026,2016-12,1
3083,zarzal,4.394865000000001,-76.07285399999998,2011-03,4
3084,zarzal,4.394865000000001,-76.07285399999998,2011-04,1
3085,zarzal,4.394865000000001,-76.07285399999998,2011-05,1
3086,zarzal,4.394865000000001,-76.07285399999998,2011-08,1
3087,zarzal,4.394865000000001,-76.07285399999998,2011-09,4
3088,zarzal,4.394865000000001,-76.07285399999998,2011-10,2
3089,zarzal,4.394865000000001,-76.07285399999998,2011-11,2
3090,zarzal,4.394865000000001,-76.07285399999998,2012-02,2
3091,zarzal,4.394865000000001,-76.07285399999998,2012-04,1
3092,zarzal,4.394865000000001,-76.07285399999998,2012-09,2
3093,zarzal,4.394865000000001,-76.07285399999998,2016-04,1
3094,zarzal,4.394865000000001,-76.07285399999998,2016-08,1
3095,zarzal,4.394865000000001,-76.07285399999998,2016-12,1
3096,zarzal,4.394865000000001,-76.07285399999998,2017-03,1
3097,zarzal,4.394865000000001,-76.07285399999998,2017-05,2
3098,zarzal,4.394865000000001,-76.07285399999998,2018-06,1
3099,zarzal,4.394865000000001,-76.07285399999998,2018-07,1
3100,zarzal,4.394865000000001,-76.07285399999998,2018-08,1
3101,zarzal,4.394865000000001,-76.07285399999998,2018-09,1
3102,zarzal,4.394865000000001,-76.07285399999998,2018-11,1
3103,zarzal,4.394865000000001,-76.07285399999998,2019-04,1
3104,zarzal,4.394865000000001,-76.07285399999998,2020-02,1
3105,zipaquir,5.021476,-73.990955,2017-07,1
3106,zipaquir,5.021476,-73.990955,2018-05,2
3107,zipaquir,5.021476,-73.990955,2018-08,1
3108,zulia,10.2910237,-72.1416132,2019-07,1
